id,market_id,name,transaction_id,buyer_id,seller_id,price,size,total_value,timestamp
28117,164,tw_d,160204,03f9e434-04bd-417f-a72c-a10ce88756a5,d6d3bf38-eeae-4544-87ed-b5a742bb3fc6,42,2,84,"2024-11-11 02:10:57"
28118,164,tw_d,160204,03f9e434-04bd-417f-a72c-a10ce88756a5,d6d3bf38-eeae-4544-87ed-b5a742bb3fc6,43,1,43,"2024-11-11 02:10:57"
28107,163,tw_c,160179,d6d3bf38-eeae-4544-87ed-b5a742bb3fc6,03f9e434-04bd-417f-a72c-a10ce88756a5,85,0.8,68.0,"2024-11-11 02:10:42"
28108,163,tw_c,160179,d6d3bf38-eeae-4544-87ed-b5a742bb3fc6,03f9e434-04bd-417f-a72c-a10ce88756a5,84,2,168,"2024-11-11 02:10:42"
28109,163,tw_c,160179,d6d3bf38-eeae-4544-87ed-b5a742bb3fc6,03f9e434-04bd-417f-a72c-a10ce88756a5,83,0.2,16.6,"2024-11-11 02:10:42"
28101,164,tw_d,160128,d6d3bf38-eeae-4544-87ed-b5a742bb3fc6,03f9e434-04bd-417f-a72c-a10ce88756a5,40,1.5,60.0,"2024-11-11 02:10:21"
28097,163,tw_c,160096,d6d3bf38-eeae-4544-87ed-b5a742bb3fc6,03f9e434-04bd-417f-a72c-a10ce88756a5,86,2,172,"2024-11-11 02:10:12"
28098,163,tw_c,160096,d6d3bf38-eeae-4544-87ed-b5a742bb3fc6,03f9e434-04bd-417f-a72c-a10ce88756a5,85,1,85,"2024-11-11 02:10:12"
28095,164,tw_d,160073,03f9e434-04bd-417f-a72c-a10ce88756a5,d6d3bf38-eeae-4544-87ed-b5a742bb3fc6,42,2,84,"2024-11-11 02:10:09"
28096,164,tw_d,160073,03f9e434-04bd-417f-a72c-a10ce88756a5,d6d3bf38-eeae-4544-87ed-b5a742bb3fc6,43,1,43,"2024-11-11 02:10:09"
28077,162,tw_b,160034,d6d3bf38-eeae-4544-87ed-b5a742bb3fc6,03f9e434-04bd-417f-a72c-a10ce88756a5,110,2,220,"2024-11-11 02:09:53"
28078,162,tw_b,160034,d6d3bf38-eeae-4544-87ed-b5a742bb3fc6,03f9e434-04bd-417f-a72c-a10ce88756a5,109,1,109,"2024-11-11 02:09:53"
28068,163,tw_c,159993,03f9e434-04bd-417f-a72c-a10ce88756a5,d6d3bf38-eeae-4544-87ed-b5a742bb3fc6,88,0.5,44.0,"2024-11-11 02:09:36"
28069,163,tw_c,159993,03f9e434-04bd-417f-a72c-a10ce88756a5,d6d3bf38-eeae-4544-87ed-b5a742bb3fc6,89,1.0,89.0,"2024-11-11 02:09:36"
28063,161,tw_a,159963,03f9e434-04bd-417f-a72c-a10ce88756a5,d6d3bf38-eeae-4544-87ed-b5a742bb3fc6,144,0.5,72.0,"2024-11-11 02:09:25"
28064,161,tw_a,159963,03f9e434-04bd-417f-a72c-a10ce88756a5,bdb0e164-7d82-4a11-b042-14782d7ed59b,145,1.0,145.0,"2024-11-11 02:09:25"
28062,163,tw_c,159960,03f9e434-04bd-417f-a72c-a10ce88756a5,d6d3bf38-eeae-4544-87ed-b5a742bb3fc6,88,1.5,132.0,"2024-11-11 02:09:25"
28059,164,tw_d,159950,03f9e434-04bd-417f-a72c-a10ce88756a5,d6d3bf38-eeae-4544-87ed-b5a742bb3fc6,42,2,84,"2024-11-11 02:09:24"
28060,164,tw_d,159950,03f9e434-04bd-417f-a72c-a10ce88756a5,d6d3bf38-eeae-4544-87ed-b5a742bb3fc6,43,1,43,"2024-11-11 02:09:24"
28054,161,tw_a,159940,03f9e434-04bd-417f-a72c-a10ce88756a5,d6d3bf38-eeae-4544-87ed-b5a742bb3fc6,144,1.5,216.0,"2024-11-11 02:09:20"
28025,163,tw_c,159870,d6d3bf38-eeae-4544-87ed-b5a742bb3fc6,35e308ff-262f-477a-8a59-8cf292618e27,86,0.1,8.6,"2024-11-11 02:09:02"
28026,163,tw_c,159871,d6d3bf38-eeae-4544-87ed-b5a742bb3fc6,35e308ff-262f-477a-8a59-8cf292618e27,86,0.1,8.6,"2024-11-11 02:09:02"
28027,163,tw_c,159872,d6d3bf38-eeae-4544-87ed-b5a742bb3fc6,35e308ff-262f-477a-8a59-8cf292618e27,86,0.1,8.6,"2024-11-11 02:09:02"
28028,163,tw_c,159873,d6d3bf38-eeae-4544-87ed-b5a742bb3fc6,35e308ff-262f-477a-8a59-8cf292618e27,86,0.1,8.6,"2024-11-11 02:09:02"
28029,163,tw_c,159874,d6d3bf38-eeae-4544-87ed-b5a742bb3fc6,35e308ff-262f-477a-8a59-8cf292618e27,86,0.1,8.6,"2024-11-11 02:09:02"
28030,163,tw_c,159875,d6d3bf38-eeae-4544-87ed-b5a742bb3fc6,35e308ff-262f-477a-8a59-8cf292618e27,86,0.1,8.6,"2024-11-11 02:09:02"
28031,163,tw_c,159876,d6d3bf38-eeae-4544-87ed-b5a742bb3fc6,35e308ff-262f-477a-8a59-8cf292618e27,86,0.1,8.6,"2024-11-11 02:09:02"
28032,163,tw_c,159877,d6d3bf38-eeae-4544-87ed-b5a742bb3fc6,35e308ff-262f-477a-8a59-8cf292618e27,86,0.1,8.6,"2024-11-11 02:09:02"
28033,163,tw_c,159878,d6d3bf38-eeae-4544-87ed-b5a742bb3fc6,35e308ff-262f-477a-8a59-8cf292618e27,86,0.1,8.6,"2024-11-11 02:09:02"
28034,163,tw_c,159879,d6d3bf38-eeae-4544-87ed-b5a742bb3fc6,35e308ff-262f-477a-8a59-8cf292618e27,86,0.1,8.6,"2024-11-11 02:09:02"
28035,163,tw_c,159880,d6d3bf38-eeae-4544-87ed-b5a742bb3fc6,35e308ff-262f-477a-8a59-8cf292618e27,86,0.1,8.6,"2024-11-11 02:09:02"
28036,163,tw_c,159881,d6d3bf38-eeae-4544-87ed-b5a742bb3fc6,35e308ff-262f-477a-8a59-8cf292618e27,86,0.1,8.6,"2024-11-11 02:09:02"
28037,163,tw_c,159882,d6d3bf38-eeae-4544-87ed-b5a742bb3fc6,35e308ff-262f-477a-8a59-8cf292618e27,86,0.1,8.6,"2024-11-11 02:09:02"
28038,163,tw_c,159883,d6d3bf38-eeae-4544-87ed-b5a742bb3fc6,35e308ff-262f-477a-8a59-8cf292618e27,85,0.1,8.5,"2024-11-11 02:09:02"
28039,163,tw_c,159884,d6d3bf38-eeae-4544-87ed-b5a742bb3fc6,35e308ff-262f-477a-8a59-8cf292618e27,85,0.1,8.5,"2024-11-11 02:09:02"
27999,163,tw_c,159817,d6d3bf38-eeae-4544-87ed-b5a742bb3fc6,35e308ff-262f-477a-8a59-8cf292618e27,86,0.1,8.6,"2024-11-11 02:09:01"
28000,163,tw_c,159818,d6d3bf38-eeae-4544-87ed-b5a742bb3fc6,35e308ff-262f-477a-8a59-8cf292618e27,86,0.1,8.6,"2024-11-11 02:09:01"
28001,163,tw_c,159819,d6d3bf38-eeae-4544-87ed-b5a742bb3fc6,35e308ff-262f-477a-8a59-8cf292618e27,86,0.1,8.6,"2024-11-11 02:09:01"
28002,163,tw_c,159820,d6d3bf38-eeae-4544-87ed-b5a742bb3fc6,35e308ff-262f-477a-8a59-8cf292618e27,86,0.1,8.6,"2024-11-11 02:09:01"
28003,163,tw_c,159821,d6d3bf38-eeae-4544-87ed-b5a742bb3fc6,35e308ff-262f-477a-8a59-8cf292618e27,86,0.1,8.6,"2024-11-11 02:09:01"
27972,163,tw_c,159790,d6d3bf38-eeae-4544-87ed-b5a742bb3fc6,35e308ff-262f-477a-8a59-8cf292618e27,87,0.1,8.7,"2024-11-11 02:09:00"
27973,163,tw_c,159791,d6d3bf38-eeae-4544-87ed-b5a742bb3fc6,35e308ff-262f-477a-8a59-8cf292618e27,87,0.1,8.7,"2024-11-11 02:09:00"
27974,163,tw_c,159792,d6d3bf38-eeae-4544-87ed-b5a742bb3fc6,35e308ff-262f-477a-8a59-8cf292618e27,87,0.1,8.7,"2024-11-11 02:09:00"
27975,163,tw_c,159793,d6d3bf38-eeae-4544-87ed-b5a742bb3fc6,35e308ff-262f-477a-8a59-8cf292618e27,87,0.1,8.7,"2024-11-11 02:09:00"
27976,163,tw_c,159794,d6d3bf38-eeae-4544-87ed-b5a742bb3fc6,35e308ff-262f-477a-8a59-8cf292618e27,87,0.1,8.7,"2024-11-11 02:09:00"
27977,163,tw_c,159795,d6d3bf38-eeae-4544-87ed-b5a742bb3fc6,35e308ff-262f-477a-8a59-8cf292618e27,87,0.1,8.7,"2024-11-11 02:09:00"
27978,163,tw_c,159796,d6d3bf38-eeae-4544-87ed-b5a742bb3fc6,35e308ff-262f-477a-8a59-8cf292618e27,87,0.1,8.7,"2024-11-11 02:09:00"
27979,163,tw_c,159797,d6d3bf38-eeae-4544-87ed-b5a742bb3fc6,35e308ff-262f-477a-8a59-8cf292618e27,87,0.1,8.7,"2024-11-11 02:09:00"
27980,163,tw_c,159798,d6d3bf38-eeae-4544-87ed-b5a742bb3fc6,35e308ff-262f-477a-8a59-8cf292618e27,87,0.1,8.7,"2024-11-11 02:09:00"
27981,163,tw_c,159799,d6d3bf38-eeae-4544-87ed-b5a742bb3fc6,35e308ff-262f-477a-8a59-8cf292618e27,87,0.1,8.7,"2024-11-11 02:09:00"
27982,163,tw_c,159800,d6d3bf38-eeae-4544-87ed-b5a742bb3fc6,35e308ff-262f-477a-8a59-8cf292618e27,87,0.1,8.7,"2024-11-11 02:09:00"
27983,163,tw_c,159801,d6d3bf38-eeae-4544-87ed-b5a742bb3fc6,35e308ff-262f-477a-8a59-8cf292618e27,87,0.1,8.7,"2024-11-11 02:09:00"
27984,163,tw_c,159802,d6d3bf38-eeae-4544-87ed-b5a742bb3fc6,35e308ff-262f-477a-8a59-8cf292618e27,87,0.1,8.7,"2024-11-11 02:09:00"
27985,163,tw_c,159803,d6d3bf38-eeae-4544-87ed-b5a742bb3fc6,35e308ff-262f-477a-8a59-8cf292618e27,87,0.1,8.7,"2024-11-11 02:09:00"
27986,163,tw_c,159804,d6d3bf38-eeae-4544-87ed-b5a742bb3fc6,35e308ff-262f-477a-8a59-8cf292618e27,87,0.1,8.7,"2024-11-11 02:09:00"
27987,163,tw_c,159805,d6d3bf38-eeae-4544-87ed-b5a742bb3fc6,35e308ff-262f-477a-8a59-8cf292618e27,87,0.1,8.7,"2024-11-11 02:09:00"
27995,163,tw_c,159807,d6d3bf38-eeae-4544-87ed-b5a742bb3fc6,35e308ff-262f-477a-8a59-8cf292618e27,87,0.1,8.7,"2024-11-11 02:09:00"
27996,163,tw_c,159809,d6d3bf38-eeae-4544-87ed-b5a742bb3fc6,35e308ff-262f-477a-8a59-8cf292618e27,87,0.1,8.7,"2024-11-11 02:09:00"
27997,163,tw_c,159810,d6d3bf38-eeae-4544-87ed-b5a742bb3fc6,35e308ff-262f-477a-8a59-8cf292618e27,87,0.1,8.7,"2024-11-11 02:09:00"
27998,163,tw_c,159811,d6d3bf38-eeae-4544-87ed-b5a742bb3fc6,35e308ff-262f-477a-8a59-8cf292618e27,87,0.1,8.7,"2024-11-11 02:09:00"
27952,163,tw_c,159762,d6d3bf38-eeae-4544-87ed-b5a742bb3fc6,35e308ff-262f-477a-8a59-8cf292618e27,88,0.1,8.8,"2024-11-11 02:08:59"
27953,163,tw_c,159763,d6d3bf38-eeae-4544-87ed-b5a742bb3fc6,35e308ff-262f-477a-8a59-8cf292618e27,88,0.1,8.8,"2024-11-11 02:08:59"
27954,163,tw_c,159764,d6d3bf38-eeae-4544-87ed-b5a742bb3fc6,35e308ff-262f-477a-8a59-8cf292618e27,88,0.1,8.8,"2024-11-11 02:08:59"
27955,163,tw_c,159765,d6d3bf38-eeae-4544-87ed-b5a742bb3fc6,35e308ff-262f-477a-8a59-8cf292618e27,88,0.1,8.8,"2024-11-11 02:08:59"
27956,163,tw_c,159766,d6d3bf38-eeae-4544-87ed-b5a742bb3fc6,35e308ff-262f-477a-8a59-8cf292618e27,88,0.1,8.8,"2024-11-11 02:08:59"
27957,163,tw_c,159767,d6d3bf38-eeae-4544-87ed-b5a742bb3fc6,35e308ff-262f-477a-8a59-8cf292618e27,88,0.1,8.8,"2024-11-11 02:08:59"
27958,163,tw_c,159768,d6d3bf38-eeae-4544-87ed-b5a742bb3fc6,35e308ff-262f-477a-8a59-8cf292618e27,88,0.1,8.8,"2024-11-11 02:08:59"
27959,163,tw_c,159769,d6d3bf38-eeae-4544-87ed-b5a742bb3fc6,35e308ff-262f-477a-8a59-8cf292618e27,88,0.1,8.8,"2024-11-11 02:08:59"
27960,163,tw_c,159770,d6d3bf38-eeae-4544-87ed-b5a742bb3fc6,35e308ff-262f-477a-8a59-8cf292618e27,88,0.1,8.8,"2024-11-11 02:08:59"
27961,163,tw_c,159771,d6d3bf38-eeae-4544-87ed-b5a742bb3fc6,35e308ff-262f-477a-8a59-8cf292618e27,88,0.1,8.8,"2024-11-11 02:08:59"
27962,163,tw_c,159772,d6d3bf38-eeae-4544-87ed-b5a742bb3fc6,35e308ff-262f-477a-8a59-8cf292618e27,87,0.1,8.7,"2024-11-11 02:08:59"
27963,163,tw_c,159773,d6d3bf38-eeae-4544-87ed-b5a742bb3fc6,35e308ff-262f-477a-8a59-8cf292618e27,87,0.1,8.7,"2024-11-11 02:08:59"
27964,163,tw_c,159774,d6d3bf38-eeae-4544-87ed-b5a742bb3fc6,35e308ff-262f-477a-8a59-8cf292618e27,87,0.1,8.7,"2024-11-11 02:08:59"
27965,163,tw_c,159775,d6d3bf38-eeae-4544-87ed-b5a742bb3fc6,35e308ff-262f-477a-8a59-8cf292618e27,87,0.1,8.7,"2024-11-11 02:08:59"
27966,163,tw_c,159776,d6d3bf38-eeae-4544-87ed-b5a742bb3fc6,35e308ff-262f-477a-8a59-8cf292618e27,87,0.1,8.7,"2024-11-11 02:08:59"
27967,163,tw_c,159777,d6d3bf38-eeae-4544-87ed-b5a742bb3fc6,35e308ff-262f-477a-8a59-8cf292618e27,87,0.1,8.7,"2024-11-11 02:08:59"
27968,163,tw_c,159778,d6d3bf38-eeae-4544-87ed-b5a742bb3fc6,35e308ff-262f-477a-8a59-8cf292618e27,87,0.1,8.7,"2024-11-11 02:08:59"
27969,163,tw_c,159779,d6d3bf38-eeae-4544-87ed-b5a742bb3fc6,35e308ff-262f-477a-8a59-8cf292618e27,87,0.1,8.7,"2024-11-11 02:08:59"
27970,163,tw_c,159780,d6d3bf38-eeae-4544-87ed-b5a742bb3fc6,35e308ff-262f-477a-8a59-8cf292618e27,86,0.1,8.6,"2024-11-11 02:08:59"
27971,163,tw_c,159781,d6d3bf38-eeae-4544-87ed-b5a742bb3fc6,35e308ff-262f-477a-8a59-8cf292618e27,86,0.1,8.6,"2024-11-11 02:08:59"
27939,163,tw_c,159747,d6d3bf38-eeae-4544-87ed-b5a742bb3fc6,35e308ff-262f-477a-8a59-8cf292618e27,87,0.1,8.7,"2024-11-11 02:08:58"
27940,163,tw_c,159748,d6d3bf38-eeae-4544-87ed-b5a742bb3fc6,35e308ff-262f-477a-8a59-8cf292618e27,87,0.1,8.7,"2024-11-11 02:08:58"
27941,163,tw_c,159749,d6d3bf38-eeae-4544-87ed-b5a742bb3fc6,35e308ff-262f-477a-8a59-8cf292618e27,87,0.1,8.7,"2024-11-11 02:08:58"
27942,163,tw_c,159751,d6d3bf38-eeae-4544-87ed-b5a742bb3fc6,35e308ff-262f-477a-8a59-8cf292618e27,88,0.1,8.8,"2024-11-11 02:08:58"
27943,163,tw_c,159752,d6d3bf38-eeae-4544-87ed-b5a742bb3fc6,35e308ff-262f-477a-8a59-8cf292618e27,88,0.1,8.8,"2024-11-11 02:08:58"
27944,163,tw_c,159753,d6d3bf38-eeae-4544-87ed-b5a742bb3fc6,35e308ff-262f-477a-8a59-8cf292618e27,88,0.1,8.8,"2024-11-11 02:08:58"
27945,163,tw_c,159754,d6d3bf38-eeae-4544-87ed-b5a742bb3fc6,35e308ff-262f-477a-8a59-8cf292618e27,88,0.1,8.8,"2024-11-11 02:08:58"
27946,163,tw_c,159755,d6d3bf38-eeae-4544-87ed-b5a742bb3fc6,35e308ff-262f-477a-8a59-8cf292618e27,88,0.1,8.8,"2024-11-11 02:08:58"
27947,163,tw_c,159756,d6d3bf38-eeae-4544-87ed-b5a742bb3fc6,35e308ff-262f-477a-8a59-8cf292618e27,88,0.1,8.8,"2024-11-11 02:08:58"
27948,163,tw_c,159757,d6d3bf38-eeae-4544-87ed-b5a742bb3fc6,35e308ff-262f-477a-8a59-8cf292618e27,88,0.1,8.8,"2024-11-11 02:08:58"
27949,163,tw_c,159758,d6d3bf38-eeae-4544-87ed-b5a742bb3fc6,35e308ff-262f-477a-8a59-8cf292618e27,88,0.1,8.8,"2024-11-11 02:08:58"
27950,163,tw_c,159759,d6d3bf38-eeae-4544-87ed-b5a742bb3fc6,35e308ff-262f-477a-8a59-8cf292618e27,88,0.1,8.8,"2024-11-11 02:08:58"
27951,163,tw_c,159760,d6d3bf38-eeae-4544-87ed-b5a742bb3fc6,35e308ff-262f-477a-8a59-8cf292618e27,88,0.1,8.8,"2024-11-11 02:08:58"
27932,163,tw_c,159740,d6d3bf38-eeae-4544-87ed-b5a742bb3fc6,35e308ff-262f-477a-8a59-8cf292618e27,87,0.1,8.7,"2024-11-11 02:08:57"
27933,163,tw_c,159741,d6d3bf38-eeae-4544-87ed-b5a742bb3fc6,35e308ff-262f-477a-8a59-8cf292618e27,87,0.1,8.7,"2024-11-11 02:08:57"
27934,163,tw_c,159742,d6d3bf38-eeae-4544-87ed-b5a742bb3fc6,35e308ff-262f-477a-8a59-8cf292618e27,87,0.1,8.7,"2024-11-11 02:08:57"
27935,163,tw_c,159743,d6d3bf38-eeae-4544-87ed-b5a742bb3fc6,35e308ff-262f-477a-8a59-8cf292618e27,87,0.1,8.7,"2024-11-11 02:08:57"
27936,163,tw_c,159744,d6d3bf38-eeae-4544-87ed-b5a742bb3fc6,35e308ff-262f-477a-8a59-8cf292618e27,87,0.1,8.7,"2024-11-11 02:08:57"
27937,163,tw_c,159745,d6d3bf38-eeae-4544-87ed-b5a742bb3fc6,35e308ff-262f-477a-8a59-8cf292618e27,87,0.1,8.7,"2024-11-11 02:08:57"
27938,163,tw_c,159746,d6d3bf38-eeae-4544-87ed-b5a742bb3fc6,35e308ff-262f-477a-8a59-8cf292618e27,87,0.1,8.7,"2024-11-11 02:08:57"
27919,163,tw_c,159721,d6d3bf38-eeae-4544-87ed-b5a742bb3fc6,35e308ff-262f-477a-8a59-8cf292618e27,88,0.1,8.8,"2024-11-11 02:08:56"
27920,163,tw_c,159722,d6d3bf38-eeae-4544-87ed-b5a742bb3fc6,35e308ff-262f-477a-8a59-8cf292618e27,88,0.1,8.8,"2024-11-11 02:08:56"
27921,163,tw_c,159723,d6d3bf38-eeae-4544-87ed-b5a742bb3fc6,35e308ff-262f-477a-8a59-8cf292618e27,88,0.1,8.8,"2024-11-11 02:08:56"
27922,163,tw_c,159724,d6d3bf38-eeae-4544-87ed-b5a742bb3fc6,35e308ff-262f-477a-8a59-8cf292618e27,88,0.1,8.8,"2024-11-11 02:08:56"
27923,163,tw_c,159725,d6d3bf38-eeae-4544-87ed-b5a742bb3fc6,35e308ff-262f-477a-8a59-8cf292618e27,88,0.1,8.8,"2024-11-11 02:08:56"
27924,163,tw_c,159726,d6d3bf38-eeae-4544-87ed-b5a742bb3fc6,35e308ff-262f-477a-8a59-8cf292618e27,88,0.1,8.8,"2024-11-11 02:08:56"
27925,163,tw_c,159727,d6d3bf38-eeae-4544-87ed-b5a742bb3fc6,35e308ff-262f-477a-8a59-8cf292618e27,88,0.1,8.8,"2024-11-11 02:08:56"
27926,163,tw_c,159728,d6d3bf38-eeae-4544-87ed-b5a742bb3fc6,35e308ff-262f-477a-8a59-8cf292618e27,88,0.1,8.8,"2024-11-11 02:08:56"
27927,163,tw_c,159729,d6d3bf38-eeae-4544-87ed-b5a742bb3fc6,35e308ff-262f-477a-8a59-8cf292618e27,88,0.1,8.8,"2024-11-11 02:08:56"
27928,163,tw_c,159730,d6d3bf38-eeae-4544-87ed-b5a742bb3fc6,35e308ff-262f-477a-8a59-8cf292618e27,88,0.1,8.8,"2024-11-11 02:08:56"
27929,163,tw_c,159731,d6d3bf38-eeae-4544-87ed-b5a742bb3fc6,35e308ff-262f-477a-8a59-8cf292618e27,87,0.1,8.7,"2024-11-11 02:08:56"
27930,163,tw_c,159732,d6d3bf38-eeae-4544-87ed-b5a742bb3fc6,35e308ff-262f-477a-8a59-8cf292618e27,87,0.1,8.7,"2024-11-11 02:08:56"
27909,163,tw_c,159711,d6d3bf38-eeae-4544-87ed-b5a742bb3fc6,35e308ff-262f-477a-8a59-8cf292618e27,88,0.1,8.8,"2024-11-11 02:08:55"
27910,163,tw_c,159712,d6d3bf38-eeae-4544-87ed-b5a742bb3fc6,35e308ff-262f-477a-8a59-8cf292618e27,88,0.1,8.8,"2024-11-11 02:08:55"
27911,163,tw_c,159713,d6d3bf38-eeae-4544-87ed-b5a742bb3fc6,35e308ff-262f-477a-8a59-8cf292618e27,88,0.1,8.8,"2024-11-11 02:08:55"
27912,163,tw_c,159714,d6d3bf38-eeae-4544-87ed-b5a742bb3fc6,35e308ff-262f-477a-8a59-8cf292618e27,88,0.1,8.8,"2024-11-11 02:08:55"
27913,163,tw_c,159715,d6d3bf38-eeae-4544-87ed-b5a742bb3fc6,35e308ff-262f-477a-8a59-8cf292618e27,88,0.1,8.8,"2024-11-11 02:08:55"
27914,163,tw_c,159716,d6d3bf38-eeae-4544-87ed-b5a742bb3fc6,35e308ff-262f-477a-8a59-8cf292618e27,88,0.1,8.8,"2024-11-11 02:08:55"
27915,163,tw_c,159717,d6d3bf38-eeae-4544-87ed-b5a742bb3fc6,35e308ff-262f-477a-8a59-8cf292618e27,88,0.1,8.8,"2024-11-11 02:08:55"
27916,163,tw_c,159718,d6d3bf38-eeae-4544-87ed-b5a742bb3fc6,35e308ff-262f-477a-8a59-8cf292618e27,88,0.1,8.8,"2024-11-11 02:08:55"
27917,163,tw_c,159719,d6d3bf38-eeae-4544-87ed-b5a742bb3fc6,35e308ff-262f-477a-8a59-8cf292618e27,88,0.1,8.8,"2024-11-11 02:08:55"
27918,163,tw_c,159720,d6d3bf38-eeae-4544-87ed-b5a742bb3fc6,35e308ff-262f-477a-8a59-8cf292618e27,88,0.1,8.8,"2024-11-11 02:08:55"
27881,163,tw_c,159648,03f9e434-04bd-417f-a72c-a10ce88756a5,d6d3bf38-eeae-4544-87ed-b5a742bb3fc6,90,2,180,"2024-11-11 02:08:48"
27882,163,tw_c,159648,03f9e434-04bd-417f-a72c-a10ce88756a5,d6d3bf38-eeae-4544-87ed-b5a742bb3fc6,91,1,91,"2024-11-11 02:08:48"
27750,163,tw_c,159421,d6d3bf38-eeae-4544-87ed-b5a742bb3fc6,73a46e67-7504-405c-bee9-4257f2c44ae8,88,2,176,"2024-11-11 02:08:38"
27745,161,tw_a,159391,03f9e434-04bd-417f-a72c-a10ce88756a5,d6d3bf38-eeae-4544-87ed-b5a742bb3fc6,142,1.26,178.92,"2024-11-11 02:08:36"
27746,161,tw_a,159391,03f9e434-04bd-417f-a72c-a10ce88756a5,d6d3bf38-eeae-4544-87ed-b5a742bb3fc6,143,0.24,34.32,"2024-11-11 02:08:36"
27739,164,tw_d,159364,d6d3bf38-eeae-4544-87ed-b5a742bb3fc6,03f9e434-04bd-417f-a72c-a10ce88756a5,43,1.5,64.5,"2024-11-11 02:08:32"
27713,161,tw_a,159318,38f682dd-4303-49f4-b118-61be6b87a134,d6d3bf38-eeae-4544-87ed-b5a742bb3fc6,142,0.74,105.08,"2024-11-11 02:08:22"
27708,161,tw_a,159303,daa2b70b-fb0b-44d6-81db-05d80aa6e324,d6d3bf38-eeae-4544-87ed-b5a742bb3fc6,143,0.5,71.5,"2024-11-11 02:08:21"
27710,161,tw_a,159305,38f682dd-4303-49f4-b118-61be6b87a134,d6d3bf38-eeae-4544-87ed-b5a742bb3fc6,143,1.5,214.5,"2024-11-11 02:08:21"
27711,161,tw_a,159305,38f682dd-4303-49f4-b118-61be6b87a134,d6d3bf38-eeae-4544-87ed-b5a742bb3fc6,144,0.01,1.44,"2024-11-11 02:08:21"
27712,161,tw_a,159305,38f682dd-4303-49f4-b118-61be6b87a134,bdb0e164-7d82-4a11-b042-14782d7ed59b,145,0.49,71.05,"2024-11-11 02:08:21"
27709,164,tw_d,159304,d6d3bf38-eeae-4544-87ed-b5a742bb3fc6,daa2b70b-fb0b-44d6-81db-05d80aa6e324,43,0.5,21.5,"2024-11-11 02:08:21"
27690,161,tw_a,159282,38f682dd-4303-49f4-b118-61be6b87a134,d6d3bf38-eeae-4544-87ed-b5a742bb3fc6,142,2,284,"2024-11-11 02:08:20"
27694,162,tw_b,159287,d6d3bf38-eeae-4544-87ed-b5a742bb3fc6,121ff5cd-2d3d-46d2-a128-5304bc431505,111,1.16,128.76,"2024-11-11 02:08:20"
27682,162,tw_b,159259,d6d3bf38-eeae-4544-87ed-b5a742bb3fc6,121ff5cd-2d3d-46d2-a128-5304bc431505,112,1.98,221.76,"2024-11-11 02:08:19"
27681,163,tw_c,159257,38f682dd-4303-49f4-b118-61be6b87a134,d6d3bf38-eeae-4544-87ed-b5a742bb3fc6,91,0.55,50.05,"2024-11-11 02:08:19"
27683,163,tw_c,159261,d6d3bf38-eeae-4544-87ed-b5a742bb3fc6,121ff5cd-2d3d-46d2-a128-5304bc431505,89,1.82,161.98,"2024-11-11 02:08:19"
27680,161,tw_a,159255,38f682dd-4303-49f4-b118-61be6b87a134,d6d3bf38-eeae-4544-87ed-b5a742bb3fc6,141,0.17,23.97,"2024-11-11 02:08:18"
27671,162,tw_b,159228,d6d3bf38-eeae-4544-87ed-b5a742bb3fc6,2898c877-1896-4d2f-9a21-2addf0539813,112,0.02,2.24,"2024-11-11 02:08:18"
27672,163,tw_c,159232,d6d3bf38-eeae-4544-87ed-b5a742bb3fc6,2898c877-1896-4d2f-9a21-2addf0539813,89,0.02,1.78,"2024-11-11 02:08:18"
27622,161,tw_a,159147,d6d3bf38-eeae-4544-87ed-b5a742bb3fc6,2898c877-1896-4d2f-9a21-2addf0539813,139,0.03,4.17,"2024-11-11 02:08:17"
27627,161,tw_a,159155,d6d3bf38-eeae-4544-87ed-b5a742bb3fc6,2898c877-1896-4d2f-9a21-2addf0539813,139,0.03,4.17,"2024-11-11 02:08:17"
27632,161,tw_a,159160,d6d3bf38-eeae-4544-87ed-b5a742bb3fc6,2898c877-1896-4d2f-9a21-2addf0539813,139,0.03,4.17,"2024-11-11 02:08:17"
27637,161,tw_a,159167,d6d3bf38-eeae-4544-87ed-b5a742bb3fc6,2898c877-1896-4d2f-9a21-2addf0539813,139,0.03,4.17,"2024-11-11 02:08:17"
27642,161,tw_a,159173,d6d3bf38-eeae-4544-87ed-b5a742bb3fc6,2898c877-1896-4d2f-9a21-2addf0539813,139,0.03,4.17,"2024-11-11 02:08:17"
27647,161,tw_a,159179,d6d3bf38-eeae-4544-87ed-b5a742bb3fc6,2898c877-1896-4d2f-9a21-2addf0539813,139,0.03,4.17,"2024-11-11 02:08:17"
27652,161,tw_a,159185,d6d3bf38-eeae-4544-87ed-b5a742bb3fc6,2898c877-1896-4d2f-9a21-2addf0539813,139,0.03,4.17,"2024-11-11 02:08:17"
27657,161,tw_a,159191,d6d3bf38-eeae-4544-87ed-b5a742bb3fc6,2898c877-1896-4d2f-9a21-2addf0539813,139,0.03,4.17,"2024-11-11 02:08:17"
27664,161,tw_a,159199,38f682dd-4303-49f4-b118-61be6b87a134,d6d3bf38-eeae-4544-87ed-b5a742bb3fc6,144,0.19,27.36,"2024-11-11 02:08:17"
27665,161,tw_a,159201,d6d3bf38-eeae-4544-87ed-b5a742bb3fc6,2898c877-1896-4d2f-9a21-2addf0539813,139,0.02,2.78,"2024-11-11 02:08:17"
27623,162,tw_b,159150,d6d3bf38-eeae-4544-87ed-b5a742bb3fc6,2898c877-1896-4d2f-9a21-2addf0539813,112,0.03,3.36,"2024-11-11 02:08:17"
27628,162,tw_b,159156,d6d3bf38-eeae-4544-87ed-b5a742bb3fc6,2898c877-1896-4d2f-9a21-2addf0539813,112,0.03,3.36,"2024-11-11 02:08:17"
27633,162,tw_b,159161,d6d3bf38-eeae-4544-87ed-b5a742bb3fc6,2898c877-1896-4d2f-9a21-2addf0539813,112,0.03,3.36,"2024-11-11 02:08:17"
27638,162,tw_b,159169,d6d3bf38-eeae-4544-87ed-b5a742bb3fc6,2898c877-1896-4d2f-9a21-2addf0539813,112,0.03,3.36,"2024-11-11 02:08:17"
27643,162,tw_b,159174,d6d3bf38-eeae-4544-87ed-b5a742bb3fc6,2898c877-1896-4d2f-9a21-2addf0539813,112,0.03,3.36,"2024-11-11 02:08:17"
27648,162,tw_b,159181,d6d3bf38-eeae-4544-87ed-b5a742bb3fc6,2898c877-1896-4d2f-9a21-2addf0539813,112,0.03,3.36,"2024-11-11 02:08:17"
27653,162,tw_b,159186,d6d3bf38-eeae-4544-87ed-b5a742bb3fc6,2898c877-1896-4d2f-9a21-2addf0539813,112,0.03,3.36,"2024-11-11 02:08:17"
27658,162,tw_b,159193,d6d3bf38-eeae-4544-87ed-b5a742bb3fc6,2898c877-1896-4d2f-9a21-2addf0539813,112,0.03,3.36,"2024-11-11 02:08:17"
27662,162,tw_b,159197,d6d3bf38-eeae-4544-87ed-b5a742bb3fc6,121ff5cd-2d3d-46d2-a128-5304bc431505,112,1.76,197.12,"2024-11-11 02:08:17"
27663,162,tw_b,159197,d6d3bf38-eeae-4544-87ed-b5a742bb3fc6,121ff5cd-2d3d-46d2-a128-5304bc431505,111,0.09,9.99,"2024-11-11 02:08:17"
27624,163,tw_c,159151,d6d3bf38-eeae-4544-87ed-b5a742bb3fc6,2898c877-1896-4d2f-9a21-2addf0539813,89,0.03,2.67,"2024-11-11 02:08:17"
27629,163,tw_c,159157,d6d3bf38-eeae-4544-87ed-b5a742bb3fc6,2898c877-1896-4d2f-9a21-2addf0539813,89,0.03,2.67,"2024-11-11 02:08:17"
27634,163,tw_c,159163,d6d3bf38-eeae-4544-87ed-b5a742bb3fc6,2898c877-1896-4d2f-9a21-2addf0539813,89,0.03,2.67,"2024-11-11 02:08:17"
27639,163,tw_c,159170,d6d3bf38-eeae-4544-87ed-b5a742bb3fc6,2898c877-1896-4d2f-9a21-2addf0539813,89,0.03,2.67,"2024-11-11 02:08:17"
27644,163,tw_c,159175,d6d3bf38-eeae-4544-87ed-b5a742bb3fc6,2898c877-1896-4d2f-9a21-2addf0539813,89,0.03,2.67,"2024-11-11 02:08:17"
27649,163,tw_c,159182,d6d3bf38-eeae-4544-87ed-b5a742bb3fc6,2898c877-1896-4d2f-9a21-2addf0539813,89,0.03,2.67,"2024-11-11 02:08:17"
27654,163,tw_c,159188,d6d3bf38-eeae-4544-87ed-b5a742bb3fc6,2898c877-1896-4d2f-9a21-2addf0539813,89,0.03,2.67,"2024-11-11 02:08:17"
27659,163,tw_c,159194,d6d3bf38-eeae-4544-87ed-b5a742bb3fc6,2898c877-1896-4d2f-9a21-2addf0539813,89,0.03,2.67,"2024-11-11 02:08:17"
27666,163,tw_c,159203,d6d3bf38-eeae-4544-87ed-b5a742bb3fc6,121ff5cd-2d3d-46d2-a128-5304bc431505,89,1.76,156.64,"2024-11-11 02:08:17"
27667,163,tw_c,159204,38f682dd-4303-49f4-b118-61be6b87a134,d6d3bf38-eeae-4544-87ed-b5a742bb3fc6,93,1.76,163.68,"2024-11-11 02:08:17"
27625,164,tw_d,159152,d6d3bf38-eeae-4544-87ed-b5a742bb3fc6,2898c877-1896-4d2f-9a21-2addf0539813,44,0.03,1.32,"2024-11-11 02:08:17"
27630,164,tw_d,159158,d6d3bf38-eeae-4544-87ed-b5a742bb3fc6,2898c877-1896-4d2f-9a21-2addf0539813,44,0.03,1.32,"2024-11-11 02:08:17"
27635,164,tw_d,159164,d6d3bf38-eeae-4544-87ed-b5a742bb3fc6,2898c877-1896-4d2f-9a21-2addf0539813,44,0.03,1.32,"2024-11-11 02:08:17"
27640,164,tw_d,159171,d6d3bf38-eeae-4544-87ed-b5a742bb3fc6,2898c877-1896-4d2f-9a21-2addf0539813,44,0.03,1.32,"2024-11-11 02:08:17"
27645,164,tw_d,159177,d6d3bf38-eeae-4544-87ed-b5a742bb3fc6,2898c877-1896-4d2f-9a21-2addf0539813,44,0.03,1.32,"2024-11-11 02:08:17"
27650,164,tw_d,159183,d6d3bf38-eeae-4544-87ed-b5a742bb3fc6,2898c877-1896-4d2f-9a21-2addf0539813,44,0.03,1.32,"2024-11-11 02:08:17"
27655,164,tw_d,159189,d6d3bf38-eeae-4544-87ed-b5a742bb3fc6,2898c877-1896-4d2f-9a21-2addf0539813,44,0.03,1.32,"2024-11-11 02:08:17"
27660,164,tw_d,159195,d6d3bf38-eeae-4544-87ed-b5a742bb3fc6,2898c877-1896-4d2f-9a21-2addf0539813,44,0.03,1.32,"2024-11-11 02:08:17"
27668,164,tw_d,159208,d6d3bf38-eeae-4544-87ed-b5a742bb3fc6,2898c877-1896-4d2f-9a21-2addf0539813,44,0.02,0.88,"2024-11-11 02:08:17"
27669,164,tw_d,159210,d6d3bf38-eeae-4544-87ed-b5a742bb3fc6,121ff5cd-2d3d-46d2-a128-5304bc431505,44,1.74,76.56,"2024-11-11 02:08:17"
27670,164,tw_d,159210,d6d3bf38-eeae-4544-87ed-b5a742bb3fc6,121ff5cd-2d3d-46d2-a128-5304bc431505,43,0.02,0.86,"2024-11-11 02:08:17"
27618,161,tw_a,159146,03f9e434-04bd-417f-a72c-a10ce88756a5,d6d3bf38-eeae-4544-87ed-b5a742bb3fc6,141,0.14,19.74,"2024-11-11 02:08:16"
27619,161,tw_a,159146,03f9e434-04bd-417f-a72c-a10ce88756a5,d6d3bf38-eeae-4544-87ed-b5a742bb3fc6,142,2,284,"2024-11-11 02:08:16"
27620,161,tw_a,159146,03f9e434-04bd-417f-a72c-a10ce88756a5,d6d3bf38-eeae-4544-87ed-b5a742bb3fc6,143,0.56,80.08,"2024-11-11 02:08:16"
27621,161,tw_a,159146,03f9e434-04bd-417f-a72c-a10ce88756a5,d6d3bf38-eeae-4544-87ed-b5a742bb3fc6,144,0.30,43.2,"2024-11-11 02:08:16"
27607,162,tw_b,159123,d6d3bf38-eeae-4544-87ed-b5a742bb3fc6,121ff5cd-2d3d-46d2-a128-5304bc431505,113,1.5,169.5,"2024-11-11 02:08:16"
27611,163,tw_c,159130,d6d3bf38-eeae-4544-87ed-b5a742bb3fc6,121ff5cd-2d3d-46d2-a128-5304bc431505,90,1.5,135.0,"2024-11-11 02:08:16"
27617,163,tw_c,159139,38f682dd-4303-49f4-b118-61be6b87a134,d6d3bf38-eeae-4544-87ed-b5a742bb3fc6,92,2,184,"2024-11-11 02:08:16"
27614,164,tw_d,159134,d6d3bf38-eeae-4544-87ed-b5a742bb3fc6,121ff5cd-2d3d-46d2-a128-5304bc431505,44,2,88,"2024-11-11 02:08:16"
27589,162,tw_b,159100,38f682dd-4303-49f4-b118-61be6b87a134,d6d3bf38-eeae-4544-87ed-b5a742bb3fc6,115,1.84,211.6,"2024-11-11 02:08:15"
27591,162,tw_b,159102,d6d3bf38-eeae-4544-87ed-b5a742bb3fc6,2898c877-1896-4d2f-9a21-2addf0539813,113,0.5,56.5,"2024-11-11 02:08:15"
27592,163,tw_c,159104,d6d3bf38-eeae-4544-87ed-b5a742bb3fc6,2898c877-1896-4d2f-9a21-2addf0539813,90,0.5,45.0,"2024-11-11 02:08:15"
27588,161,tw_a,159097,d6d3bf38-eeae-4544-87ed-b5a742bb3fc6,2898c877-1896-4d2f-9a21-2addf0539813,139,0.5,69.5,"2024-11-11 02:08:14"
27582,163,tw_c,159087,03f9e434-04bd-417f-a72c-a10ce88756a5,d6d3bf38-eeae-4544-87ed-b5a742bb3fc6,93,1.92,178.56,"2024-11-11 02:08:14"
27583,163,tw_c,159087,03f9e434-04bd-417f-a72c-a10ce88756a5,d6d3bf38-eeae-4544-87ed-b5a742bb3fc6,94,1.08,101.52,"2024-11-11 02:08:14"
27587,164,tw_d,159096,d6d3bf38-eeae-4544-87ed-b5a742bb3fc6,121ff5cd-2d3d-46d2-a128-5304bc431505,45,2,90,"2024-11-11 02:08:14"
27579,163,tw_c,159084,d6d3bf38-eeae-4544-87ed-b5a742bb3fc6,121ff5cd-2d3d-46d2-a128-5304bc431505,90,2,180,"2024-11-11 02:08:13"
27578,161,tw_a,159080,38f682dd-4303-49f4-b118-61be6b87a134,d6d3bf38-eeae-4544-87ed-b5a742bb3fc6,141,0.93,131.13,"2024-11-11 02:08:12"
27573,162,tw_b,159071,d6d3bf38-eeae-4544-87ed-b5a742bb3fc6,121ff5cd-2d3d-46d2-a128-5304bc431505,113,2,226,"2024-11-11 02:08:10"
27552,161,tw_a,159009,d6d3bf38-eeae-4544-87ed-b5a742bb3fc6,121ff5cd-2d3d-46d2-a128-5304bc431505,139,1.07,148.73,"2024-11-11 02:08:09"
27563,161,tw_a,159059,38f682dd-4303-49f4-b118-61be6b87a134,d6d3bf38-eeae-4544-87ed-b5a742bb3fc6,141,0.93,131.13,"2024-11-11 02:08:09"
27553,162,tw_b,159011,d6d3bf38-eeae-4544-87ed-b5a742bb3fc6,121ff5cd-2d3d-46d2-a128-5304bc431505,113,2,226,"2024-11-11 02:08:09"
27564,162,tw_b,159061,38f682dd-4303-49f4-b118-61be6b87a134,d6d3bf38-eeae-4544-87ed-b5a742bb3fc6,115,2,230,"2024-11-11 02:08:09"
27554,163,tw_c,159013,d6d3bf38-eeae-4544-87ed-b5a742bb3fc6,121ff5cd-2d3d-46d2-a128-5304bc431505,90,2,180,"2024-11-11 02:08:09"
27562,163,tw_c,159057,720a0744-5ae3-4aee-bf19-de4adca3da98,d6d3bf38-eeae-4544-87ed-b5a742bb3fc6,92,0.08,7.36,"2024-11-11 02:08:09"
27565,163,tw_c,159063,38f682dd-4303-49f4-b118-61be6b87a134,d6d3bf38-eeae-4544-87ed-b5a742bb3fc6,92,1.92,176.64,"2024-11-11 02:08:09"
27566,163,tw_c,159063,38f682dd-4303-49f4-b118-61be6b87a134,d6d3bf38-eeae-4544-87ed-b5a742bb3fc6,93,0.08,7.44,"2024-11-11 02:08:09"
27555,164,tw_d,159020,d6d3bf38-eeae-4544-87ed-b5a742bb3fc6,121ff5cd-2d3d-46d2-a128-5304bc431505,45,0.9,40.5,"2024-11-11 02:08:09"
27536,161,tw_a,158984,38f682dd-4303-49f4-b118-61be6b87a134,d6d3bf38-eeae-4544-87ed-b5a742bb3fc6,141,2,282,"2024-11-11 02:08:08"
27537,162,tw_b,158988,38f682dd-4303-49f4-b118-61be6b87a134,d6d3bf38-eeae-4544-87ed-b5a742bb3fc6,115,2,230,"2024-11-11 02:08:08"
27538,163,tw_c,158989,720a0744-5ae3-4aee-bf19-de4adca3da98,d6d3bf38-eeae-4544-87ed-b5a742bb3fc6,92,2,184,"2024-11-11 02:08:08"
27541,163,tw_c,158992,38f682dd-4303-49f4-b118-61be6b87a134,d6d3bf38-eeae-4544-87ed-b5a742bb3fc6,93,2,186,"2024-11-11 02:08:08"
27492,161,tw_a,158887,38f682dd-4303-49f4-b118-61be6b87a134,d6d3bf38-eeae-4544-87ed-b5a742bb3fc6,140,0.03,4.2,"2024-11-11 02:08:07"
27493,161,tw_a,158887,38f682dd-4303-49f4-b118-61be6b87a134,d6d3bf38-eeae-4544-87ed-b5a742bb3fc6,141,0.09,12.69,"2024-11-11 02:08:07"
27494,161,tw_a,158887,38f682dd-4303-49f4-b118-61be6b87a134,d6d3bf38-eeae-4544-87ed-b5a742bb3fc6,142,0.31,44.02,"2024-11-11 02:08:07"
27495,161,tw_a,158887,38f682dd-4303-49f4-b118-61be6b87a134,d6d3bf38-eeae-4544-87ed-b5a742bb3fc6,143,1.35,193.05,"2024-11-11 02:08:07"
27513,161,tw_a,158902,d6d3bf38-eeae-4544-87ed-b5a742bb3fc6,2898c877-1896-4d2f-9a21-2addf0539813,138,0.14,19.32,"2024-11-11 02:08:07"
27517,161,tw_a,158911,d6d3bf38-eeae-4544-87ed-b5a742bb3fc6,121ff5cd-2d3d-46d2-a128-5304bc431505,138,1.64,226.32,"2024-11-11 02:08:07"
27496,162,tw_b,158889,38f682dd-4303-49f4-b118-61be6b87a134,35e308ff-262f-477a-8a59-8cf292618e27,117.5,0.1,11.75,"2024-11-11 02:08:07"
27497,162,tw_b,158889,38f682dd-4303-49f4-b118-61be6b87a134,35e308ff-262f-477a-8a59-8cf292618e27,117.55,0.1,11.755,"2024-11-11 02:08:07"
27498,162,tw_b,158889,38f682dd-4303-49f4-b118-61be6b87a134,35e308ff-262f-477a-8a59-8cf292618e27,117.6,0.1,11.76,"2024-11-11 02:08:07"
27499,162,tw_b,158889,38f682dd-4303-49f4-b118-61be6b87a134,35e308ff-262f-477a-8a59-8cf292618e27,117.65,0.1,11.765,"2024-11-11 02:08:07"
27500,162,tw_b,158889,38f682dd-4303-49f4-b118-61be6b87a134,35e308ff-262f-477a-8a59-8cf292618e27,117.7,0.1,11.77,"2024-11-11 02:08:07"
27501,162,tw_b,158889,38f682dd-4303-49f4-b118-61be6b87a134,d6d3bf38-eeae-4544-87ed-b5a742bb3fc6,118,1.28,151.04,"2024-11-11 02:08:07"
27514,162,tw_b,158904,d6d3bf38-eeae-4544-87ed-b5a742bb3fc6,2898c877-1896-4d2f-9a21-2addf0539813,112,0.14,15.68,"2024-11-11 02:08:07"
27518,162,tw_b,158928,d6d3bf38-eeae-4544-87ed-b5a742bb3fc6,121ff5cd-2d3d-46d2-a128-5304bc431505,112,1.64,183.68,"2024-11-11 02:08:07"
27502,163,tw_c,158895,720a0744-5ae3-4aee-bf19-de4adca3da98,d6d3bf38-eeae-4544-87ed-b5a742bb3fc6,92,0.12,11.04,"2024-11-11 02:08:07"
27503,163,tw_c,158895,720a0744-5ae3-4aee-bf19-de4adca3da98,d6d3bf38-eeae-4544-87ed-b5a742bb3fc6,93,1.66,154.38,"2024-11-11 02:08:07"
27504,163,tw_c,158897,38f682dd-4303-49f4-b118-61be6b87a134,d6d3bf38-eeae-4544-87ed-b5a742bb3fc6,93,0.34,31.62,"2024-11-11 02:08:07"
27505,163,tw_c,158897,38f682dd-4303-49f4-b118-61be6b87a134,d6d3bf38-eeae-4544-87ed-b5a742bb3fc6,94,1.09,102.46,"2024-11-11 02:08:07"
27506,163,tw_c,158897,38f682dd-4303-49f4-b118-61be6b87a134,d6d3bf38-eeae-4544-87ed-b5a742bb3fc6,95,0.35,33.25,"2024-11-11 02:08:07"
27515,163,tw_c,158905,d6d3bf38-eeae-4544-87ed-b5a742bb3fc6,2898c877-1896-4d2f-9a21-2addf0539813,89,0.14,12.46,"2024-11-11 02:08:07"
27519,163,tw_c,158945,d6d3bf38-eeae-4544-87ed-b5a742bb3fc6,121ff5cd-2d3d-46d2-a128-5304bc431505,89,1.64,145.96,"2024-11-11 02:08:07"
27507,164,tw_d,158900,720a0744-5ae3-4aee-bf19-de4adca3da98,35e308ff-262f-477a-8a59-8cf292618e27,45.5,0.1,4.55,"2024-11-11 02:08:07"
27508,164,tw_d,158900,720a0744-5ae3-4aee-bf19-de4adca3da98,35e308ff-262f-477a-8a59-8cf292618e27,45.55,0.1,4.555,"2024-11-11 02:08:07"
27509,164,tw_d,158900,720a0744-5ae3-4aee-bf19-de4adca3da98,35e308ff-262f-477a-8a59-8cf292618e27,45.6,0.1,4.56,"2024-11-11 02:08:07"
27510,164,tw_d,158900,720a0744-5ae3-4aee-bf19-de4adca3da98,35e308ff-262f-477a-8a59-8cf292618e27,45.65,0.1,4.565,"2024-11-11 02:08:07"
27511,164,tw_d,158900,720a0744-5ae3-4aee-bf19-de4adca3da98,35e308ff-262f-477a-8a59-8cf292618e27,45.7,0.1,4.57,"2024-11-11 02:08:07"
27512,164,tw_d,158900,720a0744-5ae3-4aee-bf19-de4adca3da98,2898c877-1896-4d2f-9a21-2addf0539813,50.5,0.1,5.05,"2024-11-11 02:08:07"
27520,164,tw_d,158952,d6d3bf38-eeae-4544-87ed-b5a742bb3fc6,35e308ff-262f-477a-8a59-8cf292618e27,45.5,0.1,4.55,"2024-11-11 02:08:07"
27521,164,tw_d,158952,d6d3bf38-eeae-4544-87ed-b5a742bb3fc6,35e308ff-262f-477a-8a59-8cf292618e27,45.55,0.1,4.555,"2024-11-11 02:08:07"
27522,164,tw_d,158952,d6d3bf38-eeae-4544-87ed-b5a742bb3fc6,35e308ff-262f-477a-8a59-8cf292618e27,45.6,0.1,4.56,"2024-11-11 02:08:07"
27523,164,tw_d,158952,d6d3bf38-eeae-4544-87ed-b5a742bb3fc6,35e308ff-262f-477a-8a59-8cf292618e27,45.65,0.1,4.565,"2024-11-11 02:08:07"
27524,164,tw_d,158952,d6d3bf38-eeae-4544-87ed-b5a742bb3fc6,35e308ff-262f-477a-8a59-8cf292618e27,45.7,0.1,4.57,"2024-11-11 02:08:07"
27525,164,tw_d,158958,d6d3bf38-eeae-4544-87ed-b5a742bb3fc6,35e308ff-262f-477a-8a59-8cf292618e27,46,0.1,4.6,"2024-11-11 02:08:07"
27526,164,tw_d,158959,d6d3bf38-eeae-4544-87ed-b5a742bb3fc6,35e308ff-262f-477a-8a59-8cf292618e27,46,0.1,4.6,"2024-11-11 02:08:07"
27527,164,tw_d,158960,d6d3bf38-eeae-4544-87ed-b5a742bb3fc6,35e308ff-262f-477a-8a59-8cf292618e27,46,0.1,4.6,"2024-11-11 02:08:07"
27528,164,tw_d,158961,d6d3bf38-eeae-4544-87ed-b5a742bb3fc6,35e308ff-262f-477a-8a59-8cf292618e27,46,0.1,4.6,"2024-11-11 02:08:07"
27529,164,tw_d,158962,d6d3bf38-eeae-4544-87ed-b5a742bb3fc6,35e308ff-262f-477a-8a59-8cf292618e27,46,0.1,4.6,"2024-11-11 02:08:07"
27530,164,tw_d,158964,d6d3bf38-eeae-4544-87ed-b5a742bb3fc6,35e308ff-262f-477a-8a59-8cf292618e27,46,0.1,4.6,"2024-11-11 02:08:07"
27531,164,tw_d,158965,d6d3bf38-eeae-4544-87ed-b5a742bb3fc6,121ff5cd-2d3d-46d2-a128-5304bc431505,46,0.9,41.4,"2024-11-11 02:08:07"
27532,164,tw_d,158965,d6d3bf38-eeae-4544-87ed-b5a742bb3fc6,121ff5cd-2d3d-46d2-a128-5304bc431505,45,1.1,49.5,"2024-11-11 02:08:07"
27488,161,tw_a,158877,d6d3bf38-eeae-4544-87ed-b5a742bb3fc6,2898c877-1896-4d2f-9a21-2addf0539813,138,0.1,13.8,"2024-11-11 02:08:06"
27489,162,tw_b,158878,d6d3bf38-eeae-4544-87ed-b5a742bb3fc6,2898c877-1896-4d2f-9a21-2addf0539813,112,0.1,11.2,"2024-11-11 02:08:06"
27474,163,tw_c,158855,720a0744-5ae3-4aee-bf19-de4adca3da98,d6d3bf38-eeae-4544-87ed-b5a742bb3fc6,92,1.88,172.96,"2024-11-11 02:08:06"
27490,163,tw_c,158879,d6d3bf38-eeae-4544-87ed-b5a742bb3fc6,2898c877-1896-4d2f-9a21-2addf0539813,89,0.1,8.9,"2024-11-11 02:08:06"
27475,164,tw_d,158857,720a0744-5ae3-4aee-bf19-de4adca3da98,35e308ff-262f-477a-8a59-8cf292618e27,45.5,0.09,4.095,"2024-11-11 02:08:06"
27476,164,tw_d,158857,720a0744-5ae3-4aee-bf19-de4adca3da98,35e308ff-262f-477a-8a59-8cf292618e27,45.65,0.1,4.565,"2024-11-11 02:08:06"
27477,164,tw_d,158857,720a0744-5ae3-4aee-bf19-de4adca3da98,35e308ff-262f-477a-8a59-8cf292618e27,45.7,0.1,4.57,"2024-11-11 02:08:06"
27478,164,tw_d,158857,720a0744-5ae3-4aee-bf19-de4adca3da98,d6d3bf38-eeae-4544-87ed-b5a742bb3fc6,48,1.71,82.08,"2024-11-11 02:08:06"
27479,164,tw_d,158874,03f9e434-04bd-417f-a72c-a10ce88756a5,35e308ff-262f-477a-8a59-8cf292618e27,45.5,0.1,4.55,"2024-11-11 02:08:06"
27480,164,tw_d,158874,03f9e434-04bd-417f-a72c-a10ce88756a5,35e308ff-262f-477a-8a59-8cf292618e27,45.55,0.1,4.555,"2024-11-11 02:08:06"
27481,164,tw_d,158874,03f9e434-04bd-417f-a72c-a10ce88756a5,35e308ff-262f-477a-8a59-8cf292618e27,45.6,0.1,4.56,"2024-11-11 02:08:06"
27482,164,tw_d,158874,03f9e434-04bd-417f-a72c-a10ce88756a5,35e308ff-262f-477a-8a59-8cf292618e27,45.65,0.1,4.565,"2024-11-11 02:08:06"
27483,164,tw_d,158874,03f9e434-04bd-417f-a72c-a10ce88756a5,35e308ff-262f-477a-8a59-8cf292618e27,45.7,0.1,4.57,"2024-11-11 02:08:06"
27484,164,tw_d,158874,03f9e434-04bd-417f-a72c-a10ce88756a5,2898c877-1896-4d2f-9a21-2addf0539813,46,0.03,1.38,"2024-11-11 02:08:06"
27485,164,tw_d,158874,03f9e434-04bd-417f-a72c-a10ce88756a5,d6d3bf38-eeae-4544-87ed-b5a742bb3fc6,48,0.13,6.24,"2024-11-11 02:08:06"
27486,164,tw_d,158874,03f9e434-04bd-417f-a72c-a10ce88756a5,d6d3bf38-eeae-4544-87ed-b5a742bb3fc6,49,2,98,"2024-11-11 02:08:06"
27487,164,tw_d,158874,03f9e434-04bd-417f-a72c-a10ce88756a5,d6d3bf38-eeae-4544-87ed-b5a742bb3fc6,50,0.24,12.0,"2024-11-11 02:08:06"
27420,161,tw_a,158798,38f682dd-4303-49f4-b118-61be6b87a134,2898c877-1896-4d2f-9a21-2addf0539813,139,0.03,4.17,"2024-11-11 02:08:05"
27421,161,tw_a,158798,38f682dd-4303-49f4-b118-61be6b87a134,d6d3bf38-eeae-4544-87ed-b5a742bb3fc6,140,1.97,275.8,"2024-11-11 02:08:05"
27439,161,tw_a,158818,d6d3bf38-eeae-4544-87ed-b5a742bb3fc6,2898c877-1896-4d2f-9a21-2addf0539813,138,0.03,4.14,"2024-11-11 02:08:05"
27446,161,tw_a,158825,d6d3bf38-eeae-4544-87ed-b5a742bb3fc6,2898c877-1896-4d2f-9a21-2addf0539813,138,0.03,4.14,"2024-11-11 02:08:05"
27450,161,tw_a,158831,d6d3bf38-eeae-4544-87ed-b5a742bb3fc6,2898c877-1896-4d2f-9a21-2addf0539813,138,0.03,4.14,"2024-11-11 02:08:05"
27456,161,tw_a,158837,d6d3bf38-eeae-4544-87ed-b5a742bb3fc6,2898c877-1896-4d2f-9a21-2addf0539813,138,0.03,4.14,"2024-11-11 02:08:05"
27418,162,tw_b,158774,d6d3bf38-eeae-4544-87ed-b5a742bb3fc6,121ff5cd-2d3d-46d2-a128-5304bc431505,112,1.91,213.92,"2024-11-11 02:08:05"
27433,162,tw_b,158809,38f682dd-4303-49f4-b118-61be6b87a134,2898c877-1896-4d2f-9a21-2addf0539813,113,0.03,3.39,"2024-11-11 02:08:05"
27434,162,tw_b,158809,38f682dd-4303-49f4-b118-61be6b87a134,d6d3bf38-eeae-4544-87ed-b5a742bb3fc6,114,1.97,224.58,"2024-11-11 02:08:05"
27441,162,tw_b,158820,d6d3bf38-eeae-4544-87ed-b5a742bb3fc6,2898c877-1896-4d2f-9a21-2addf0539813,112,0.03,3.36,"2024-11-11 02:08:05"
27447,162,tw_b,158826,d6d3bf38-eeae-4544-87ed-b5a742bb3fc6,2898c877-1896-4d2f-9a21-2addf0539813,112,0.03,3.36,"2024-11-11 02:08:05"
27452,162,tw_b,158833,d6d3bf38-eeae-4544-87ed-b5a742bb3fc6,2898c877-1896-4d2f-9a21-2addf0539813,112,0.03,3.36,"2024-11-11 02:08:05"
27457,162,tw_b,158838,d6d3bf38-eeae-4544-87ed-b5a742bb3fc6,2898c877-1896-4d2f-9a21-2addf0539813,112,0.03,3.36,"2024-11-11 02:08:05"
27460,162,tw_b,158841,03f9e434-04bd-417f-a72c-a10ce88756a5,d6d3bf38-eeae-4544-87ed-b5a742bb3fc6,114,0.03,3.42,"2024-11-11 02:08:05"
27461,162,tw_b,158841,03f9e434-04bd-417f-a72c-a10ce88756a5,d6d3bf38-eeae-4544-87ed-b5a742bb3fc6,115,0.12,13.8,"2024-11-11 02:08:05"
27462,162,tw_b,158841,03f9e434-04bd-417f-a72c-a10ce88756a5,d6d3bf38-eeae-4544-87ed-b5a742bb3fc6,116,0.34,39.44,"2024-11-11 02:08:05"
27463,162,tw_b,158841,03f9e434-04bd-417f-a72c-a10ce88756a5,d6d3bf38-eeae-4544-87ed-b5a742bb3fc6,117,2,234,"2024-11-11 02:08:05"
27464,162,tw_b,158841,03f9e434-04bd-417f-a72c-a10ce88756a5,35e308ff-262f-477a-8a59-8cf292618e27,117.5,0.1,11.75,"2024-11-11 02:08:05"
27465,162,tw_b,158841,03f9e434-04bd-417f-a72c-a10ce88756a5,35e308ff-262f-477a-8a59-8cf292618e27,117.55,0.1,11.755,"2024-11-11 02:08:05"
27466,162,tw_b,158841,03f9e434-04bd-417f-a72c-a10ce88756a5,35e308ff-262f-477a-8a59-8cf292618e27,117.6,0.1,11.76,"2024-11-11 02:08:05"
27467,162,tw_b,158841,03f9e434-04bd-417f-a72c-a10ce88756a5,35e308ff-262f-477a-8a59-8cf292618e27,117.65,0.1,11.765,"2024-11-11 02:08:05"
27468,162,tw_b,158841,03f9e434-04bd-417f-a72c-a10ce88756a5,35e308ff-262f-477a-8a59-8cf292618e27,117.7,0.1,11.77,"2024-11-11 02:08:05"
27469,162,tw_b,158841,03f9e434-04bd-417f-a72c-a10ce88756a5,d6d3bf38-eeae-4544-87ed-b5a742bb3fc6,118,0.01,1.18,"2024-11-11 02:08:05"
27419,163,tw_c,158780,d6d3bf38-eeae-4544-87ed-b5a742bb3fc6,121ff5cd-2d3d-46d2-a128-5304bc431505,87,1.97,171.39,"2024-11-11 02:08:05"
27442,163,tw_c,158821,d6d3bf38-eeae-4544-87ed-b5a742bb3fc6,2898c877-1896-4d2f-9a21-2addf0539813,89,0.03,2.67,"2024-11-11 02:08:05"
27443,163,tw_c,158822,38f682dd-4303-49f4-b118-61be6b87a134,d6d3bf38-eeae-4544-87ed-b5a742bb3fc6,91,2,182,"2024-11-11 02:08:05"
27448,163,tw_c,158827,d6d3bf38-eeae-4544-87ed-b5a742bb3fc6,2898c877-1896-4d2f-9a21-2addf0539813,89,0.03,2.67,"2024-11-11 02:08:05"
27453,163,tw_c,158834,d6d3bf38-eeae-4544-87ed-b5a742bb3fc6,2898c877-1896-4d2f-9a21-2addf0539813,89,0.03,2.67,"2024-11-11 02:08:05"
27458,163,tw_c,158839,d6d3bf38-eeae-4544-87ed-b5a742bb3fc6,2898c877-1896-4d2f-9a21-2addf0539813,89,0.03,2.67,"2024-11-11 02:08:05"
27422,164,tw_d,158799,d6d3bf38-eeae-4544-87ed-b5a742bb3fc6,121ff5cd-2d3d-46d2-a128-5304bc431505,44,1.97,86.68,"2024-11-11 02:08:05"
27423,164,tw_d,158801,d6d3bf38-eeae-4544-87ed-b5a742bb3fc6,35e308ff-262f-477a-8a59-8cf292618e27,45.5,0.1,4.55,"2024-11-11 02:08:05"
27424,164,tw_d,158801,d6d3bf38-eeae-4544-87ed-b5a742bb3fc6,35e308ff-262f-477a-8a59-8cf292618e27,45.55,0.1,4.555,"2024-11-11 02:08:05"
27425,164,tw_d,158801,d6d3bf38-eeae-4544-87ed-b5a742bb3fc6,35e308ff-262f-477a-8a59-8cf292618e27,45.6,0.1,4.56,"2024-11-11 02:08:05"
27426,164,tw_d,158801,d6d3bf38-eeae-4544-87ed-b5a742bb3fc6,35e308ff-262f-477a-8a59-8cf292618e27,45.65,0.1,4.565,"2024-11-11 02:08:05"
27427,164,tw_d,158801,d6d3bf38-eeae-4544-87ed-b5a742bb3fc6,35e308ff-262f-477a-8a59-8cf292618e27,45.7,0.1,4.57,"2024-11-11 02:08:05"
27428,164,tw_d,158804,d6d3bf38-eeae-4544-87ed-b5a742bb3fc6,35e308ff-262f-477a-8a59-8cf292618e27,46,0.1,4.6,"2024-11-11 02:08:05"
27429,164,tw_d,158805,d6d3bf38-eeae-4544-87ed-b5a742bb3fc6,35e308ff-262f-477a-8a59-8cf292618e27,46,0.1,4.6,"2024-11-11 02:08:05"
27430,164,tw_d,158806,d6d3bf38-eeae-4544-87ed-b5a742bb3fc6,35e308ff-262f-477a-8a59-8cf292618e27,46,0.1,4.6,"2024-11-11 02:08:05"
27431,164,tw_d,158807,d6d3bf38-eeae-4544-87ed-b5a742bb3fc6,35e308ff-262f-477a-8a59-8cf292618e27,46,0.1,4.6,"2024-11-11 02:08:05"
27432,164,tw_d,158808,d6d3bf38-eeae-4544-87ed-b5a742bb3fc6,35e308ff-262f-477a-8a59-8cf292618e27,46,0.1,4.6,"2024-11-11 02:08:05"
27435,164,tw_d,158810,d6d3bf38-eeae-4544-87ed-b5a742bb3fc6,35e308ff-262f-477a-8a59-8cf292618e27,46,0.1,4.6,"2024-11-11 02:08:05"
27436,164,tw_d,158811,d6d3bf38-eeae-4544-87ed-b5a742bb3fc6,35e308ff-262f-477a-8a59-8cf292618e27,46,0.1,4.6,"2024-11-11 02:08:05"
27437,164,tw_d,158812,d6d3bf38-eeae-4544-87ed-b5a742bb3fc6,35e308ff-262f-477a-8a59-8cf292618e27,46,0.1,4.6,"2024-11-11 02:08:05"
27438,164,tw_d,158813,d6d3bf38-eeae-4544-87ed-b5a742bb3fc6,35e308ff-262f-477a-8a59-8cf292618e27,46,0.1,4.6,"2024-11-11 02:08:05"
27440,164,tw_d,158819,d6d3bf38-eeae-4544-87ed-b5a742bb3fc6,35e308ff-262f-477a-8a59-8cf292618e27,46,0.1,4.6,"2024-11-11 02:08:05"
27444,164,tw_d,158823,d6d3bf38-eeae-4544-87ed-b5a742bb3fc6,2898c877-1896-4d2f-9a21-2addf0539813,46,0.03,1.38,"2024-11-11 02:08:05"
27449,164,tw_d,158828,d6d3bf38-eeae-4544-87ed-b5a742bb3fc6,2898c877-1896-4d2f-9a21-2addf0539813,46,0.03,1.38,"2024-11-11 02:08:05"
27451,164,tw_d,158832,38f682dd-4303-49f4-b118-61be6b87a134,d6d3bf38-eeae-4544-87ed-b5a742bb3fc6,48,0.16,7.68,"2024-11-11 02:08:05"
27454,164,tw_d,158835,d6d3bf38-eeae-4544-87ed-b5a742bb3fc6,2898c877-1896-4d2f-9a21-2addf0539813,46,0.03,1.38,"2024-11-11 02:08:05"
27459,164,tw_d,158840,d6d3bf38-eeae-4544-87ed-b5a742bb3fc6,35e308ff-262f-477a-8a59-8cf292618e27,46,0.1,4.6,"2024-11-11 02:08:05"
27470,164,tw_d,158842,d6d3bf38-eeae-4544-87ed-b5a742bb3fc6,35e308ff-262f-477a-8a59-8cf292618e27,46,0.1,4.6,"2024-11-11 02:08:05"
27471,164,tw_d,158844,d6d3bf38-eeae-4544-87ed-b5a742bb3fc6,35e308ff-262f-477a-8a59-8cf292618e27,46,0.1,4.6,"2024-11-11 02:08:05"
27472,164,tw_d,158845,d6d3bf38-eeae-4544-87ed-b5a742bb3fc6,35e308ff-262f-477a-8a59-8cf292618e27,46,0.1,4.6,"2024-11-11 02:08:05"
27473,164,tw_d,158846,d6d3bf38-eeae-4544-87ed-b5a742bb3fc6,35e308ff-262f-477a-8a59-8cf292618e27,46,0.01,0.46,"2024-11-11 02:08:05"
27417,161,tw_a,158772,d6d3bf38-eeae-4544-87ed-b5a742bb3fc6,121ff5cd-2d3d-46d2-a128-5304bc431505,138,1.94,267.72,"2024-11-11 02:08:04"
27402,163,tw_c,158754,38f682dd-4303-49f4-b118-61be6b87a134,d6d3bf38-eeae-4544-87ed-b5a742bb3fc6,91,0.53,48.23,"2024-11-11 02:08:04"
27403,163,tw_c,158754,38f682dd-4303-49f4-b118-61be6b87a134,d6d3bf38-eeae-4544-87ed-b5a742bb3fc6,92,0.41,37.72,"2024-11-11 02:08:04"
27404,163,tw_c,158754,38f682dd-4303-49f4-b118-61be6b87a134,d6d3bf38-eeae-4544-87ed-b5a742bb3fc6,93,0.94,87.42,"2024-11-11 02:08:04"
27409,163,tw_c,158763,720a0744-5ae3-4aee-bf19-de4adca3da98,d6d3bf38-eeae-4544-87ed-b5a742bb3fc6,93,1.06,98.58,"2024-11-11 02:08:04"
27410,163,tw_c,158763,720a0744-5ae3-4aee-bf19-de4adca3da98,d6d3bf38-eeae-4544-87ed-b5a742bb3fc6,94,0.91,85.54,"2024-11-11 02:08:04"
27405,164,tw_d,158756,38f682dd-4303-49f4-b118-61be6b87a134,d6d3bf38-eeae-4544-87ed-b5a742bb3fc6,47,0.59,27.73,"2024-11-11 02:08:04"
27406,164,tw_d,158756,38f682dd-4303-49f4-b118-61be6b87a134,d6d3bf38-eeae-4544-87ed-b5a742bb3fc6,48,1.0,48.0,"2024-11-11 02:08:04"
27407,164,tw_d,158756,38f682dd-4303-49f4-b118-61be6b87a134,d6d3bf38-eeae-4544-87ed-b5a742bb3fc6,49,0.09,4.41,"2024-11-11 02:08:04"
27408,164,tw_d,158756,38f682dd-4303-49f4-b118-61be6b87a134,d6d3bf38-eeae-4544-87ed-b5a742bb3fc6,50,0.29,14.5,"2024-11-11 02:08:04"
27411,164,tw_d,158765,720a0744-5ae3-4aee-bf19-de4adca3da98,35e308ff-262f-477a-8a59-8cf292618e27,45.5,0.1,4.55,"2024-11-11 02:08:04"
27412,164,tw_d,158765,720a0744-5ae3-4aee-bf19-de4adca3da98,35e308ff-262f-477a-8a59-8cf292618e27,45.55,0.1,4.555,"2024-11-11 02:08:04"
27413,164,tw_d,158765,720a0744-5ae3-4aee-bf19-de4adca3da98,35e308ff-262f-477a-8a59-8cf292618e27,45.6,0.1,4.56,"2024-11-11 02:08:04"
27414,164,tw_d,158765,720a0744-5ae3-4aee-bf19-de4adca3da98,35e308ff-262f-477a-8a59-8cf292618e27,45.65,0.1,4.565,"2024-11-11 02:08:04"
27415,164,tw_d,158765,720a0744-5ae3-4aee-bf19-de4adca3da98,35e308ff-262f-477a-8a59-8cf292618e27,45.7,0.1,4.57,"2024-11-11 02:08:04"
27416,164,tw_d,158765,720a0744-5ae3-4aee-bf19-de4adca3da98,d6d3bf38-eeae-4544-87ed-b5a742bb3fc6,50,1.47,73.5,"2024-11-11 02:08:04"
27370,161,tw_a,158716,d6d3bf38-eeae-4544-87ed-b5a742bb3fc6,121ff5cd-2d3d-46d2-a128-5304bc431505,139,1.85,257.15,"2024-11-11 02:08:03"
27385,161,tw_a,158729,d6d3bf38-eeae-4544-87ed-b5a742bb3fc6,2898c877-1896-4d2f-9a21-2addf0539813,138,0.03,4.14,"2024-11-11 02:08:03"
27391,161,tw_a,158735,d6d3bf38-eeae-4544-87ed-b5a742bb3fc6,2898c877-1896-4d2f-9a21-2addf0539813,138,0.03,4.14,"2024-11-11 02:08:03"
27378,162,tw_b,158719,d6d3bf38-eeae-4544-87ed-b5a742bb3fc6,2898c877-1896-4d2f-9a21-2addf0539813,113,0.03,3.39,"2024-11-11 02:08:03"
27382,162,tw_b,158724,d6d3bf38-eeae-4544-87ed-b5a742bb3fc6,2898c877-1896-4d2f-9a21-2addf0539813,113,0.03,3.39,"2024-11-11 02:08:03"
27386,162,tw_b,158730,d6d3bf38-eeae-4544-87ed-b5a742bb3fc6,2898c877-1896-4d2f-9a21-2addf0539813,113,0.03,3.39,"2024-11-11 02:08:03"
27388,162,tw_b,158732,d6d3bf38-eeae-4544-87ed-b5a742bb3fc6,121ff5cd-2d3d-46d2-a128-5304bc431505,113,1.79,202.27,"2024-11-11 02:08:03"
27389,162,tw_b,158732,d6d3bf38-eeae-4544-87ed-b5a742bb3fc6,121ff5cd-2d3d-46d2-a128-5304bc431505,112,0.09,10.08,"2024-11-11 02:08:03"
27379,163,tw_c,158720,d6d3bf38-eeae-4544-87ed-b5a742bb3fc6,2898c877-1896-4d2f-9a21-2addf0539813,88,0.03,2.64,"2024-11-11 02:08:03"
27383,163,tw_c,158725,d6d3bf38-eeae-4544-87ed-b5a742bb3fc6,2898c877-1896-4d2f-9a21-2addf0539813,88,0.03,2.64,"2024-11-11 02:08:03"
27387,163,tw_c,158731,d6d3bf38-eeae-4544-87ed-b5a742bb3fc6,2898c877-1896-4d2f-9a21-2addf0539813,88,0.03,2.64,"2024-11-11 02:08:03"
27392,163,tw_c,158738,d6d3bf38-eeae-4544-87ed-b5a742bb3fc6,2898c877-1896-4d2f-9a21-2addf0539813,88,0.03,2.64,"2024-11-11 02:08:03"
27393,163,tw_c,158740,d6d3bf38-eeae-4544-87ed-b5a742bb3fc6,121ff5cd-2d3d-46d2-a128-5304bc431505,88,1.76,154.88,"2024-11-11 02:08:03"
27394,163,tw_c,158740,d6d3bf38-eeae-4544-87ed-b5a742bb3fc6,121ff5cd-2d3d-46d2-a128-5304bc431505,87,0.03,2.61,"2024-11-11 02:08:03"
27400,163,tw_c,158746,da569f5d-a13c-4cc4-af52-9b9fded71089,d6d3bf38-eeae-4544-87ed-b5a742bb3fc6,90,0.12,10.8,"2024-11-11 02:08:03"
27401,163,tw_c,158746,da569f5d-a13c-4cc4-af52-9b9fded71089,d6d3bf38-eeae-4544-87ed-b5a742bb3fc6,91,1.47,133.77,"2024-11-11 02:08:03"
27372,164,tw_d,158718,720a0744-5ae3-4aee-bf19-de4adca3da98,35e308ff-262f-477a-8a59-8cf292618e27,45.5,0.1,4.55,"2024-11-11 02:08:03"
27373,164,tw_d,158718,720a0744-5ae3-4aee-bf19-de4adca3da98,35e308ff-262f-477a-8a59-8cf292618e27,45.55,0.1,4.555,"2024-11-11 02:08:03"
27374,164,tw_d,158718,720a0744-5ae3-4aee-bf19-de4adca3da98,35e308ff-262f-477a-8a59-8cf292618e27,45.6,0.1,4.56,"2024-11-11 02:08:03"
27375,164,tw_d,158718,720a0744-5ae3-4aee-bf19-de4adca3da98,35e308ff-262f-477a-8a59-8cf292618e27,45.65,0.1,4.565,"2024-11-11 02:08:03"
27376,164,tw_d,158718,720a0744-5ae3-4aee-bf19-de4adca3da98,35e308ff-262f-477a-8a59-8cf292618e27,45.7,0.1,4.57,"2024-11-11 02:08:03"
27377,164,tw_d,158718,720a0744-5ae3-4aee-bf19-de4adca3da98,d6d3bf38-eeae-4544-87ed-b5a742bb3fc6,47,1.41,66.27,"2024-11-11 02:08:03"
27380,164,tw_d,158721,d6d3bf38-eeae-4544-87ed-b5a742bb3fc6,2898c877-1896-4d2f-9a21-2addf0539813,45,0.03,1.35,"2024-11-11 02:08:03"
27384,164,tw_d,158726,d6d3bf38-eeae-4544-87ed-b5a742bb3fc6,2898c877-1896-4d2f-9a21-2addf0539813,45,0.03,1.35,"2024-11-11 02:08:03"
27390,164,tw_d,158734,d6d3bf38-eeae-4544-87ed-b5a742bb3fc6,2898c877-1896-4d2f-9a21-2addf0539813,45,0.03,1.35,"2024-11-11 02:08:03"
27395,164,tw_d,158741,d6d3bf38-eeae-4544-87ed-b5a742bb3fc6,2898c877-1896-4d2f-9a21-2addf0539813,45,0.03,1.35,"2024-11-11 02:08:03"
27398,164,tw_d,158745,d6d3bf38-eeae-4544-87ed-b5a742bb3fc6,121ff5cd-2d3d-46d2-a128-5304bc431505,45,1.76,79.2,"2024-11-11 02:08:03"
27399,164,tw_d,158745,d6d3bf38-eeae-4544-87ed-b5a742bb3fc6,121ff5cd-2d3d-46d2-a128-5304bc431505,44,0.03,1.32,"2024-11-11 02:08:03"
27338,161,tw_a,158673,d6d3bf38-eeae-4544-87ed-b5a742bb3fc6,2898c877-1896-4d2f-9a21-2addf0539813,139,0.03,4.17,"2024-11-11 02:08:02"
27347,161,tw_a,158687,d6d3bf38-eeae-4544-87ed-b5a742bb3fc6,2898c877-1896-4d2f-9a21-2addf0539813,139,0.03,4.17,"2024-11-11 02:08:02"
27351,161,tw_a,158692,d6d3bf38-eeae-4544-87ed-b5a742bb3fc6,2898c877-1896-4d2f-9a21-2addf0539813,139,0.03,4.17,"2024-11-11 02:08:02"
27358,161,tw_a,158700,d6d3bf38-eeae-4544-87ed-b5a742bb3fc6,2898c877-1896-4d2f-9a21-2addf0539813,139,0.03,4.17,"2024-11-11 02:08:02"
27362,161,tw_a,158704,38f682dd-4303-49f4-b118-61be6b87a134,d6d3bf38-eeae-4544-87ed-b5a742bb3fc6,141,1.91,269.31,"2024-11-11 02:08:02"
27367,161,tw_a,158712,d6d3bf38-eeae-4544-87ed-b5a742bb3fc6,2898c877-1896-4d2f-9a21-2addf0539813,139,0.03,4.17,"2024-11-11 02:08:02"
27341,162,tw_b,158681,d6d3bf38-eeae-4544-87ed-b5a742bb3fc6,2898c877-1896-4d2f-9a21-2addf0539813,113,0.03,3.39,"2024-11-11 02:08:02"
27348,162,tw_b,158688,d6d3bf38-eeae-4544-87ed-b5a742bb3fc6,2898c877-1896-4d2f-9a21-2addf0539813,113,0.03,3.39,"2024-11-11 02:08:02"
27352,162,tw_b,158693,d6d3bf38-eeae-4544-87ed-b5a742bb3fc6,2898c877-1896-4d2f-9a21-2addf0539813,113,0.03,3.39,"2024-11-11 02:08:02"
27359,162,tw_b,158701,d6d3bf38-eeae-4544-87ed-b5a742bb3fc6,2898c877-1896-4d2f-9a21-2addf0539813,113,0.03,3.39,"2024-11-11 02:08:02"
27364,162,tw_b,158708,38f682dd-4303-49f4-b118-61be6b87a134,d6d3bf38-eeae-4544-87ed-b5a742bb3fc6,115,1.88,216.2,"2024-11-11 02:08:02"
27342,163,tw_c,158682,d6d3bf38-eeae-4544-87ed-b5a742bb3fc6,2898c877-1896-4d2f-9a21-2addf0539813,88,0.03,2.64,"2024-11-11 02:08:02"
27349,163,tw_c,158689,d6d3bf38-eeae-4544-87ed-b5a742bb3fc6,2898c877-1896-4d2f-9a21-2addf0539813,88,0.03,2.64,"2024-11-11 02:08:02"
27354,163,tw_c,158696,d6d3bf38-eeae-4544-87ed-b5a742bb3fc6,2898c877-1896-4d2f-9a21-2addf0539813,88,0.03,2.64,"2024-11-11 02:08:02"
27360,163,tw_c,158702,d6d3bf38-eeae-4544-87ed-b5a742bb3fc6,2898c877-1896-4d2f-9a21-2addf0539813,88,0.03,2.64,"2024-11-11 02:08:02"
27365,163,tw_c,158709,720a0744-5ae3-4aee-bf19-de4adca3da98,d6d3bf38-eeae-4544-87ed-b5a742bb3fc6,90,1.88,169.2,"2024-11-11 02:08:02"
27343,164,tw_d,158683,d6d3bf38-eeae-4544-87ed-b5a742bb3fc6,2898c877-1896-4d2f-9a21-2addf0539813,45,0.03,1.35,"2024-11-11 02:08:02"
27350,164,tw_d,158690,d6d3bf38-eeae-4544-87ed-b5a742bb3fc6,2898c877-1896-4d2f-9a21-2addf0539813,45,0.03,1.35,"2024-11-11 02:08:02"
27355,164,tw_d,158697,d6d3bf38-eeae-4544-87ed-b5a742bb3fc6,2898c877-1896-4d2f-9a21-2addf0539813,45,0.03,1.35,"2024-11-11 02:08:02"
27366,164,tw_d,158711,d6d3bf38-eeae-4544-87ed-b5a742bb3fc6,2898c877-1896-4d2f-9a21-2addf0539813,45,0.03,1.35,"2024-11-11 02:08:02"
27311,161,tw_a,158622,38f682dd-4303-49f4-b118-61be6b87a134,d6d3bf38-eeae-4544-87ed-b5a742bb3fc6,141,0.31,43.71,"2024-11-11 02:08:01"
27312,161,tw_a,158622,38f682dd-4303-49f4-b118-61be6b87a134,d6d3bf38-eeae-4544-87ed-b5a742bb3fc6,142,1.69,239.98,"2024-11-11 02:08:01"
27321,161,tw_a,158634,d6d3bf38-eeae-4544-87ed-b5a742bb3fc6,121ff5cd-2d3d-46d2-a128-5304bc431505,139,2,278,"2024-11-11 02:08:01"
27313,162,tw_b,158624,38f682dd-4303-49f4-b118-61be6b87a134,d6d3bf38-eeae-4544-87ed-b5a742bb3fc6,115,2,230,"2024-11-11 02:08:01"
27323,162,tw_b,158639,d6d3bf38-eeae-4544-87ed-b5a742bb3fc6,121ff5cd-2d3d-46d2-a128-5304bc431505,113,2,226,"2024-11-11 02:08:01"
27314,163,tw_c,158626,38f682dd-4303-49f4-b118-61be6b87a134,d6d3bf38-eeae-4544-87ed-b5a742bb3fc6,89,2,178,"2024-11-11 02:08:01"
27322,163,tw_c,158636,720a0744-5ae3-4aee-bf19-de4adca3da98,d6d3bf38-eeae-4544-87ed-b5a742bb3fc6,90,2,180,"2024-11-11 02:08:01"
27331,163,tw_c,158645,d6d3bf38-eeae-4544-87ed-b5a742bb3fc6,121ff5cd-2d3d-46d2-a128-5304bc431505,86,2,172,"2024-11-11 02:08:01"
27335,163,tw_c,158658,da569f5d-a13c-4cc4-af52-9b9fded71089,d6d3bf38-eeae-4544-87ed-b5a742bb3fc6,91,2,182,"2024-11-11 02:08:01"
27315,164,tw_d,158628,38f682dd-4303-49f4-b118-61be6b87a134,35e308ff-262f-477a-8a59-8cf292618e27,45.5,0.1,4.55,"2024-11-11 02:08:01"
27316,164,tw_d,158628,38f682dd-4303-49f4-b118-61be6b87a134,35e308ff-262f-477a-8a59-8cf292618e27,45.55,0.1,4.555,"2024-11-11 02:08:01"
27317,164,tw_d,158628,38f682dd-4303-49f4-b118-61be6b87a134,35e308ff-262f-477a-8a59-8cf292618e27,45.6,0.1,4.56,"2024-11-11 02:08:01"
27318,164,tw_d,158628,38f682dd-4303-49f4-b118-61be6b87a134,35e308ff-262f-477a-8a59-8cf292618e27,45.65,0.1,4.565,"2024-11-11 02:08:01"
27319,164,tw_d,158628,38f682dd-4303-49f4-b118-61be6b87a134,35e308ff-262f-477a-8a59-8cf292618e27,45.7,0.1,4.57,"2024-11-11 02:08:01"
27320,164,tw_d,158628,38f682dd-4303-49f4-b118-61be6b87a134,d6d3bf38-eeae-4544-87ed-b5a742bb3fc6,47,1.5,70.5,"2024-11-11 02:08:01"
27324,164,tw_d,158641,720a0744-5ae3-4aee-bf19-de4adca3da98,35e308ff-262f-477a-8a59-8cf292618e27,45.5,0.1,4.55,"2024-11-11 02:08:01"
27325,164,tw_d,158641,720a0744-5ae3-4aee-bf19-de4adca3da98,35e308ff-262f-477a-8a59-8cf292618e27,45.55,0.1,4.555,"2024-11-11 02:08:01"
27326,164,tw_d,158641,720a0744-5ae3-4aee-bf19-de4adca3da98,35e308ff-262f-477a-8a59-8cf292618e27,45.6,0.1,4.56,"2024-11-11 02:08:01"
27327,164,tw_d,158641,720a0744-5ae3-4aee-bf19-de4adca3da98,35e308ff-262f-477a-8a59-8cf292618e27,45.65,0.1,4.565,"2024-11-11 02:08:01"
27328,164,tw_d,158641,720a0744-5ae3-4aee-bf19-de4adca3da98,35e308ff-262f-477a-8a59-8cf292618e27,45.7,0.1,4.57,"2024-11-11 02:08:01"
27329,164,tw_d,158641,720a0744-5ae3-4aee-bf19-de4adca3da98,d6d3bf38-eeae-4544-87ed-b5a742bb3fc6,47,0.5,23.5,"2024-11-11 02:08:01"
27330,164,tw_d,158641,720a0744-5ae3-4aee-bf19-de4adca3da98,d6d3bf38-eeae-4544-87ed-b5a742bb3fc6,48,1.0,48.0,"2024-11-11 02:08:01"
27332,164,tw_d,158650,d6d3bf38-eeae-4544-87ed-b5a742bb3fc6,121ff5cd-2d3d-46d2-a128-5304bc431505,45,2,90,"2024-11-11 02:08:01"
27289,161,tw_a,158556,d6d3bf38-eeae-4544-87ed-b5a742bb3fc6,121ff5cd-2d3d-46d2-a128-5304bc431505,139,1.69,234.91,"2024-11-11 02:08:00"
27287,162,tw_b,158554,38f682dd-4303-49f4-b118-61be6b87a134,d6d3bf38-eeae-4544-87ed-b5a742bb3fc6,115,0.34,39.1,"2024-11-11 02:08:00"
27288,162,tw_b,158554,38f682dd-4303-49f4-b118-61be6b87a134,d6d3bf38-eeae-4544-87ed-b5a742bb3fc6,116,1.66,192.56,"2024-11-11 02:08:00"
27292,162,tw_b,158560,d6d3bf38-eeae-4544-87ed-b5a742bb3fc6,121ff5cd-2d3d-46d2-a128-5304bc431505,113,2,226,"2024-11-11 02:08:00"
27290,163,tw_c,158557,38f682dd-4303-49f4-b118-61be6b87a134,d6d3bf38-eeae-4544-87ed-b5a742bb3fc6,90,0.41,36.9,"2024-11-11 02:08:00"
27291,163,tw_c,158557,38f682dd-4303-49f4-b118-61be6b87a134,d6d3bf38-eeae-4544-87ed-b5a742bb3fc6,91,1.59,144.69,"2024-11-11 02:08:00"
27300,163,tw_c,158572,d6d3bf38-eeae-4544-87ed-b5a742bb3fc6,121ff5cd-2d3d-46d2-a128-5304bc431505,85,2,170,"2024-11-11 02:08:00"
27301,163,tw_c,158583,720a0744-5ae3-4aee-bf19-de4adca3da98,d6d3bf38-eeae-4544-87ed-b5a742bb3fc6,91,0.41,37.31,"2024-11-11 02:08:00"
27302,163,tw_c,158583,720a0744-5ae3-4aee-bf19-de4adca3da98,d6d3bf38-eeae-4544-87ed-b5a742bb3fc6,92,1.59,146.28,"2024-11-11 02:08:00"
27310,163,tw_c,158620,da569f5d-a13c-4cc4-af52-9b9fded71089,d6d3bf38-eeae-4544-87ed-b5a742bb3fc6,88,2,176,"2024-11-11 02:08:00"
27293,164,tw_d,158561,38f682dd-4303-49f4-b118-61be6b87a134,35e308ff-262f-477a-8a59-8cf292618e27,45.5,0.1,4.55,"2024-11-11 02:08:00"
27294,164,tw_d,158561,38f682dd-4303-49f4-b118-61be6b87a134,35e308ff-262f-477a-8a59-8cf292618e27,45.55,0.1,4.555,"2024-11-11 02:08:00"
27295,164,tw_d,158561,38f682dd-4303-49f4-b118-61be6b87a134,35e308ff-262f-477a-8a59-8cf292618e27,45.6,0.1,4.56,"2024-11-11 02:08:00"
27296,164,tw_d,158561,38f682dd-4303-49f4-b118-61be6b87a134,35e308ff-262f-477a-8a59-8cf292618e27,45.65,0.1,4.565,"2024-11-11 02:08:00"
27297,164,tw_d,158561,38f682dd-4303-49f4-b118-61be6b87a134,35e308ff-262f-477a-8a59-8cf292618e27,45.7,0.1,4.57,"2024-11-11 02:08:00"
27298,164,tw_d,158561,38f682dd-4303-49f4-b118-61be6b87a134,d6d3bf38-eeae-4544-87ed-b5a742bb3fc6,48,1.09,52.32,"2024-11-11 02:08:00"
27299,164,tw_d,158561,38f682dd-4303-49f4-b118-61be6b87a134,d6d3bf38-eeae-4544-87ed-b5a742bb3fc6,49,0.41,20.09,"2024-11-11 02:08:00"
27303,164,tw_d,158586,d6d3bf38-eeae-4544-87ed-b5a742bb3fc6,121ff5cd-2d3d-46d2-a128-5304bc431505,44,2,88,"2024-11-11 02:08:00"
27304,164,tw_d,158590,720a0744-5ae3-4aee-bf19-de4adca3da98,35e308ff-262f-477a-8a59-8cf292618e27,45.5,0.1,4.55,"2024-11-11 02:08:00"
27305,164,tw_d,158590,720a0744-5ae3-4aee-bf19-de4adca3da98,35e308ff-262f-477a-8a59-8cf292618e27,45.55,0.1,4.555,"2024-11-11 02:08:00"
27306,164,tw_d,158590,720a0744-5ae3-4aee-bf19-de4adca3da98,35e308ff-262f-477a-8a59-8cf292618e27,45.6,0.1,4.56,"2024-11-11 02:08:00"
27307,164,tw_d,158590,720a0744-5ae3-4aee-bf19-de4adca3da98,35e308ff-262f-477a-8a59-8cf292618e27,45.65,0.1,4.565,"2024-11-11 02:08:00"
27308,164,tw_d,158590,720a0744-5ae3-4aee-bf19-de4adca3da98,35e308ff-262f-477a-8a59-8cf292618e27,45.7,0.1,4.57,"2024-11-11 02:08:00"
27309,164,tw_d,158590,720a0744-5ae3-4aee-bf19-de4adca3da98,d6d3bf38-eeae-4544-87ed-b5a742bb3fc6,49,1.5,73.5,"2024-11-11 02:08:00"
27270,161,tw_a,158532,d6d3bf38-eeae-4544-87ed-b5a742bb3fc6,720a0744-5ae3-4aee-bf19-de4adca3da98,139,0.31,43.09,"2024-11-11 02:07:59"
27286,161,tw_a,158552,38f682dd-4303-49f4-b118-61be6b87a134,d6d3bf38-eeae-4544-87ed-b5a742bb3fc6,141,1.69,238.29,"2024-11-11 02:07:59"
27271,163,tw_c,158534,720a0744-5ae3-4aee-bf19-de4adca3da98,d6d3bf38-eeae-4544-87ed-b5a742bb3fc6,87,2,174,"2024-11-11 02:07:59"
27279,163,tw_c,158543,da569f5d-a13c-4cc4-af52-9b9fded71089,d6d3bf38-eeae-4544-87ed-b5a742bb3fc6,88,2,176,"2024-11-11 02:07:59"
27272,164,tw_d,158536,720a0744-5ae3-4aee-bf19-de4adca3da98,35e308ff-262f-477a-8a59-8cf292618e27,45.5,0.1,4.55,"2024-11-11 02:07:59"
27273,164,tw_d,158536,720a0744-5ae3-4aee-bf19-de4adca3da98,35e308ff-262f-477a-8a59-8cf292618e27,45.55,0.1,4.555,"2024-11-11 02:07:59"
27274,164,tw_d,158536,720a0744-5ae3-4aee-bf19-de4adca3da98,35e308ff-262f-477a-8a59-8cf292618e27,45.6,0.1,4.56,"2024-11-11 02:07:59"
27275,164,tw_d,158536,720a0744-5ae3-4aee-bf19-de4adca3da98,35e308ff-262f-477a-8a59-8cf292618e27,45.65,0.1,4.565,"2024-11-11 02:07:59"
27276,164,tw_d,158536,720a0744-5ae3-4aee-bf19-de4adca3da98,35e308ff-262f-477a-8a59-8cf292618e27,45.7,0.1,4.57,"2024-11-11 02:07:59"
27277,164,tw_d,158536,720a0744-5ae3-4aee-bf19-de4adca3da98,d6d3bf38-eeae-4544-87ed-b5a742bb3fc6,47,1.0,47.0,"2024-11-11 02:07:59"
27278,164,tw_d,158536,720a0744-5ae3-4aee-bf19-de4adca3da98,d6d3bf38-eeae-4544-87ed-b5a742bb3fc6,48,0.5,24.0,"2024-11-11 02:07:59"
27280,164,tw_d,158545,da569f5d-a13c-4cc4-af52-9b9fded71089,35e308ff-262f-477a-8a59-8cf292618e27,45.5,0.1,4.55,"2024-11-11 02:07:59"
27281,164,tw_d,158545,da569f5d-a13c-4cc4-af52-9b9fded71089,35e308ff-262f-477a-8a59-8cf292618e27,45.55,0.1,4.555,"2024-11-11 02:07:59"
27282,164,tw_d,158545,da569f5d-a13c-4cc4-af52-9b9fded71089,35e308ff-262f-477a-8a59-8cf292618e27,45.6,0.1,4.56,"2024-11-11 02:07:59"
27283,164,tw_d,158545,da569f5d-a13c-4cc4-af52-9b9fded71089,35e308ff-262f-477a-8a59-8cf292618e27,45.65,0.1,4.565,"2024-11-11 02:07:59"
27284,164,tw_d,158545,da569f5d-a13c-4cc4-af52-9b9fded71089,35e308ff-262f-477a-8a59-8cf292618e27,45.7,0.1,4.57,"2024-11-11 02:07:59"
27285,164,tw_d,158545,da569f5d-a13c-4cc4-af52-9b9fded71089,d6d3bf38-eeae-4544-87ed-b5a742bb3fc6,48,0.12,5.76,"2024-11-11 02:07:59"
27245,161,tw_a,158461,d6d3bf38-eeae-4544-87ed-b5a742bb3fc6,720a0744-5ae3-4aee-bf19-de4adca3da98,139,2,278,"2024-11-11 02:07:58"
27248,161,tw_a,158467,38f682dd-4303-49f4-b118-61be6b87a134,d6d3bf38-eeae-4544-87ed-b5a742bb3fc6,141,0.64,90.24,"2024-11-11 02:07:58"
27249,161,tw_a,158467,38f682dd-4303-49f4-b118-61be6b87a134,d6d3bf38-eeae-4544-87ed-b5a742bb3fc6,142,1.27,180.34,"2024-11-11 02:07:58"
27250,161,tw_a,158467,38f682dd-4303-49f4-b118-61be6b87a134,d6d3bf38-eeae-4544-87ed-b5a742bb3fc6,143,0.09,12.87,"2024-11-11 02:07:58"
27253,162,tw_b,158486,38f682dd-4303-49f4-b118-61be6b87a134,d6d3bf38-eeae-4544-87ed-b5a742bb3fc6,114,0.58,66.12,"2024-11-11 02:07:58"
27254,162,tw_b,158486,38f682dd-4303-49f4-b118-61be6b87a134,d6d3bf38-eeae-4544-87ed-b5a742bb3fc6,115,1.42,163.3,"2024-11-11 02:07:58"
27246,163,tw_c,158463,720a0744-5ae3-4aee-bf19-de4adca3da98,d6d3bf38-eeae-4544-87ed-b5a742bb3fc6,87,2,174,"2024-11-11 02:07:58"
27251,163,tw_c,158477,da569f5d-a13c-4cc4-af52-9b9fded71089,d6d3bf38-eeae-4544-87ed-b5a742bb3fc6,88,0.41,36.08,"2024-11-11 02:07:58"
27252,163,tw_c,158477,da569f5d-a13c-4cc4-af52-9b9fded71089,d6d3bf38-eeae-4544-87ed-b5a742bb3fc6,89,1.59,141.51,"2024-11-11 02:07:58"
27261,163,tw_c,158501,38f682dd-4303-49f4-b118-61be6b87a134,d6d3bf38-eeae-4544-87ed-b5a742bb3fc6,89,0.41,36.49,"2024-11-11 02:07:58"
27262,163,tw_c,158501,38f682dd-4303-49f4-b118-61be6b87a134,d6d3bf38-eeae-4544-87ed-b5a742bb3fc6,90,1.59,143.1,"2024-11-11 02:07:58"
27247,164,tw_d,158465,720a0744-5ae3-4aee-bf19-de4adca3da98,d6d3bf38-eeae-4544-87ed-b5a742bb3fc6,45,2,90,"2024-11-11 02:07:58"
27255,164,tw_d,158491,da569f5d-a13c-4cc4-af52-9b9fded71089,35e308ff-262f-477a-8a59-8cf292618e27,45.5,0.1,4.55,"2024-11-11 02:07:58"
27256,164,tw_d,158491,da569f5d-a13c-4cc4-af52-9b9fded71089,35e308ff-262f-477a-8a59-8cf292618e27,45.55,0.1,4.555,"2024-11-11 02:07:58"
27257,164,tw_d,158491,da569f5d-a13c-4cc4-af52-9b9fded71089,35e308ff-262f-477a-8a59-8cf292618e27,45.6,0.1,4.56,"2024-11-11 02:07:58"
27258,164,tw_d,158491,da569f5d-a13c-4cc4-af52-9b9fded71089,35e308ff-262f-477a-8a59-8cf292618e27,45.65,0.1,4.565,"2024-11-11 02:07:58"
27259,164,tw_d,158491,da569f5d-a13c-4cc4-af52-9b9fded71089,35e308ff-262f-477a-8a59-8cf292618e27,45.7,0.1,4.57,"2024-11-11 02:07:58"
27260,164,tw_d,158491,da569f5d-a13c-4cc4-af52-9b9fded71089,d6d3bf38-eeae-4544-87ed-b5a742bb3fc6,46,1.5,69.0,"2024-11-11 02:07:58"
27263,164,tw_d,158511,38f682dd-4303-49f4-b118-61be6b87a134,35e308ff-262f-477a-8a59-8cf292618e27,45.5,0.1,4.55,"2024-11-11 02:07:58"
27264,164,tw_d,158511,38f682dd-4303-49f4-b118-61be6b87a134,35e308ff-262f-477a-8a59-8cf292618e27,45.55,0.1,4.555,"2024-11-11 02:07:58"
27265,164,tw_d,158511,38f682dd-4303-49f4-b118-61be6b87a134,35e308ff-262f-477a-8a59-8cf292618e27,45.6,0.1,4.56,"2024-11-11 02:07:58"
27266,164,tw_d,158511,38f682dd-4303-49f4-b118-61be6b87a134,35e308ff-262f-477a-8a59-8cf292618e27,45.65,0.1,4.565,"2024-11-11 02:07:58"
27267,164,tw_d,158511,38f682dd-4303-49f4-b118-61be6b87a134,35e308ff-262f-477a-8a59-8cf292618e27,45.7,0.1,4.57,"2024-11-11 02:07:58"
27268,164,tw_d,158511,38f682dd-4303-49f4-b118-61be6b87a134,d6d3bf38-eeae-4544-87ed-b5a742bb3fc6,46,0.5,23.0,"2024-11-11 02:07:58"
27269,164,tw_d,158511,38f682dd-4303-49f4-b118-61be6b87a134,d6d3bf38-eeae-4544-87ed-b5a742bb3fc6,47,1.0,47.0,"2024-11-11 02:07:58"
27242,162,tw_b,158433,38f682dd-4303-49f4-b118-61be6b87a134,d6d3bf38-eeae-4544-87ed-b5a742bb3fc6,113,2,226,"2024-11-11 02:07:57"
27243,163,tw_c,158442,38f682dd-4303-49f4-b118-61be6b87a134,d6d3bf38-eeae-4544-87ed-b5a742bb3fc6,86,2,172,"2024-11-11 02:07:57"
27244,164,tw_d,158448,38f682dd-4303-49f4-b118-61be6b87a134,d6d3bf38-eeae-4544-87ed-b5a742bb3fc6,44,2,88,"2024-11-11 02:07:57"
27235,161,tw_a,158407,d6d3bf38-eeae-4544-87ed-b5a742bb3fc6,720a0744-5ae3-4aee-bf19-de4adca3da98,139,1.36,189.04,"2024-11-11 02:07:56"
27241,161,tw_a,158427,38f682dd-4303-49f4-b118-61be6b87a134,d6d3bf38-eeae-4544-87ed-b5a742bb3fc6,141,1.36,191.76,"2024-11-11 02:07:56"
27236,163,tw_c,158411,720a0744-5ae3-4aee-bf19-de4adca3da98,d6d3bf38-eeae-4544-87ed-b5a742bb3fc6,87,0.41,35.67,"2024-11-11 02:07:56"
27237,163,tw_c,158411,720a0744-5ae3-4aee-bf19-de4adca3da98,d6d3bf38-eeae-4544-87ed-b5a742bb3fc6,88,1.59,139.92,"2024-11-11 02:07:56"
27228,164,tw_d,158406,da569f5d-a13c-4cc4-af52-9b9fded71089,35e308ff-262f-477a-8a59-8cf292618e27,45.5,0.1,4.55,"2024-11-11 02:07:56"
27229,164,tw_d,158406,da569f5d-a13c-4cc4-af52-9b9fded71089,35e308ff-262f-477a-8a59-8cf292618e27,45.55,0.1,4.555,"2024-11-11 02:07:56"
27230,164,tw_d,158406,da569f5d-a13c-4cc4-af52-9b9fded71089,35e308ff-262f-477a-8a59-8cf292618e27,45.6,0.1,4.56,"2024-11-11 02:07:56"
27231,164,tw_d,158406,da569f5d-a13c-4cc4-af52-9b9fded71089,35e308ff-262f-477a-8a59-8cf292618e27,45.65,0.1,4.565,"2024-11-11 02:07:56"
27232,164,tw_d,158406,da569f5d-a13c-4cc4-af52-9b9fded71089,35e308ff-262f-477a-8a59-8cf292618e27,45.7,0.1,4.57,"2024-11-11 02:07:56"
27233,164,tw_d,158406,da569f5d-a13c-4cc4-af52-9b9fded71089,d6d3bf38-eeae-4544-87ed-b5a742bb3fc6,46,1.11,51.06,"2024-11-11 02:07:56"
27234,164,tw_d,158406,da569f5d-a13c-4cc4-af52-9b9fded71089,d6d3bf38-eeae-4544-87ed-b5a742bb3fc6,47,0.39,18.33,"2024-11-11 02:07:56"
27238,164,tw_d,158426,720a0744-5ae3-4aee-bf19-de4adca3da98,35e308ff-262f-477a-8a59-8cf292618e27,45.5,0.1,4.55,"2024-11-11 02:07:56"
27239,164,tw_d,158426,720a0744-5ae3-4aee-bf19-de4adca3da98,d6d3bf38-eeae-4544-87ed-b5a742bb3fc6,47,1.61,75.67,"2024-11-11 02:07:56"
27240,164,tw_d,158426,720a0744-5ae3-4aee-bf19-de4adca3da98,d6d3bf38-eeae-4544-87ed-b5a742bb3fc6,48,0.29,13.92,"2024-11-11 02:07:56"
27226,163,tw_c,158404,da569f5d-a13c-4cc4-af52-9b9fded71089,d6d3bf38-eeae-4544-87ed-b5a742bb3fc6,86,0.41,35.26,"2024-11-11 02:07:55"
27227,163,tw_c,158404,da569f5d-a13c-4cc4-af52-9b9fded71089,d6d3bf38-eeae-4544-87ed-b5a742bb3fc6,87,1.59,138.33,"2024-11-11 02:07:55"
27219,164,tw_d,158392,38f682dd-4303-49f4-b118-61be6b87a134,d6d3bf38-eeae-4544-87ed-b5a742bb3fc6,45,0.61,27.45,"2024-11-11 02:07:55"
27220,164,tw_d,158392,38f682dd-4303-49f4-b118-61be6b87a134,35e308ff-262f-477a-8a59-8cf292618e27,45.5,0.1,4.55,"2024-11-11 02:07:55"
27221,164,tw_d,158392,38f682dd-4303-49f4-b118-61be6b87a134,35e308ff-262f-477a-8a59-8cf292618e27,45.55,0.1,4.555,"2024-11-11 02:07:55"
27222,164,tw_d,158392,38f682dd-4303-49f4-b118-61be6b87a134,35e308ff-262f-477a-8a59-8cf292618e27,45.6,0.1,4.56,"2024-11-11 02:07:55"
27223,164,tw_d,158392,38f682dd-4303-49f4-b118-61be6b87a134,35e308ff-262f-477a-8a59-8cf292618e27,45.65,0.1,4.565,"2024-11-11 02:07:55"
27224,164,tw_d,158392,38f682dd-4303-49f4-b118-61be6b87a134,35e308ff-262f-477a-8a59-8cf292618e27,45.7,0.1,4.57,"2024-11-11 02:07:55"
27225,164,tw_d,158392,38f682dd-4303-49f4-b118-61be6b87a134,d6d3bf38-eeae-4544-87ed-b5a742bb3fc6,46,0.89,40.94,"2024-11-11 02:07:55"
27215,161,tw_a,158383,38f682dd-4303-49f4-b118-61be6b87a134,d6d3bf38-eeae-4544-87ed-b5a742bb3fc6,141,0.64,90.24,"2024-11-11 02:07:54"
27216,161,tw_a,158383,38f682dd-4303-49f4-b118-61be6b87a134,d6d3bf38-eeae-4544-87ed-b5a742bb3fc6,142,0.72,102.24,"2024-11-11 02:07:54"
27217,162,tw_b,158385,38f682dd-4303-49f4-b118-61be6b87a134,d6d3bf38-eeae-4544-87ed-b5a742bb3fc6,113,2,226,"2024-11-11 02:07:54"
27213,163,tw_c,158374,da569f5d-a13c-4cc4-af52-9b9fded71089,d6d3bf38-eeae-4544-87ed-b5a742bb3fc6,84,2,168,"2024-11-11 02:07:54"
27218,163,tw_c,158387,38f682dd-4303-49f4-b118-61be6b87a134,d6d3bf38-eeae-4544-87ed-b5a742bb3fc6,85,2,170,"2024-11-11 02:07:54"
27214,164,tw_d,158379,da569f5d-a13c-4cc4-af52-9b9fded71089,d6d3bf38-eeae-4544-87ed-b5a742bb3fc6,44,2,88,"2024-11-11 02:07:54"
27206,161,tw_a,158344,d6d3bf38-eeae-4544-87ed-b5a742bb3fc6,da569f5d-a13c-4cc4-af52-9b9fded71089,139,0.64,88.96,"2024-11-11 02:07:53"
27209,161,tw_a,158351,38f682dd-4303-49f4-b118-61be6b87a134,d6d3bf38-eeae-4544-87ed-b5a742bb3fc6,141,1.36,191.76,"2024-11-11 02:07:53"
27210,162,tw_b,158353,38f682dd-4303-49f4-b118-61be6b87a134,d6d3bf38-eeae-4544-87ed-b5a742bb3fc6,113,2,226,"2024-11-11 02:07:53"
27207,163,tw_c,158346,da569f5d-a13c-4cc4-af52-9b9fded71089,d6d3bf38-eeae-4544-87ed-b5a742bb3fc6,83,2,166,"2024-11-11 02:07:53"
27211,163,tw_c,158355,38f682dd-4303-49f4-b118-61be6b87a134,d6d3bf38-eeae-4544-87ed-b5a742bb3fc6,84,2,168,"2024-11-11 02:07:53"
27208,164,tw_d,158348,da569f5d-a13c-4cc4-af52-9b9fded71089,d6d3bf38-eeae-4544-87ed-b5a742bb3fc6,43,2,86,"2024-11-11 02:07:53"
27212,164,tw_d,158357,38f682dd-4303-49f4-b118-61be6b87a134,d6d3bf38-eeae-4544-87ed-b5a742bb3fc6,44,2,88,"2024-11-11 02:07:53"
27196,161,tw_a,158304,d6d3bf38-eeae-4544-87ed-b5a742bb3fc6,da569f5d-a13c-4cc4-af52-9b9fded71089,139,2,278,"2024-11-11 02:07:52"
27200,161,tw_a,158310,38f682dd-4303-49f4-b118-61be6b87a134,d6d3bf38-eeae-4544-87ed-b5a742bb3fc6,141,1.99,280.59,"2024-11-11 02:07:52"
27201,161,tw_a,158310,38f682dd-4303-49f4-b118-61be6b87a134,d6d3bf38-eeae-4544-87ed-b5a742bb3fc6,142,0.01,1.42,"2024-11-11 02:07:52"
27202,162,tw_b,158312,38f682dd-4303-49f4-b118-61be6b87a134,d6d3bf38-eeae-4544-87ed-b5a742bb3fc6,112,2,224,"2024-11-11 02:07:52"
27197,163,tw_c,158306,da569f5d-a13c-4cc4-af52-9b9fded71089,d6d3bf38-eeae-4544-87ed-b5a742bb3fc6,83,2,166,"2024-11-11 02:07:52"
27203,163,tw_c,158314,38f682dd-4303-49f4-b118-61be6b87a134,d6d3bf38-eeae-4544-87ed-b5a742bb3fc6,84,2,168,"2024-11-11 02:07:52"
27198,164,tw_d,158308,da569f5d-a13c-4cc4-af52-9b9fded71089,d6d3bf38-eeae-4544-87ed-b5a742bb3fc6,43,1,43,"2024-11-11 02:07:52"
27199,164,tw_d,158308,da569f5d-a13c-4cc4-af52-9b9fded71089,d6d3bf38-eeae-4544-87ed-b5a742bb3fc6,44,1,44,"2024-11-11 02:07:52"
27204,164,tw_d,158316,38f682dd-4303-49f4-b118-61be6b87a134,d6d3bf38-eeae-4544-87ed-b5a742bb3fc6,44,1,44,"2024-11-11 02:07:52"
27205,164,tw_d,158316,38f682dd-4303-49f4-b118-61be6b87a134,d6d3bf38-eeae-4544-87ed-b5a742bb3fc6,45,1,45,"2024-11-11 02:07:52"
27194,163,tw_c,158271,38f682dd-4303-49f4-b118-61be6b87a134,d6d3bf38-eeae-4544-87ed-b5a742bb3fc6,83,2,166,"2024-11-11 02:07:51"
27195,164,tw_d,158273,38f682dd-4303-49f4-b118-61be6b87a134,d6d3bf38-eeae-4544-87ed-b5a742bb3fc6,42,2,84,"2024-11-11 02:07:51"
27184,161,tw_a,158255,d6d3bf38-eeae-4544-87ed-b5a742bb3fc6,da569f5d-a13c-4cc4-af52-9b9fded71089,139,2,278,"2024-11-11 02:07:50"
27186,161,tw_a,158259,d6d3bf38-eeae-4544-87ed-b5a742bb3fc6,720a0744-5ae3-4aee-bf19-de4adca3da98,138,0.97,133.86,"2024-11-11 02:07:50"
27190,161,tw_a,158264,38f682dd-4303-49f4-b118-61be6b87a134,d6d3bf38-eeae-4544-87ed-b5a742bb3fc6,141,0.01,1.41,"2024-11-11 02:07:50"
27185,162,tw_b,158257,da569f5d-a13c-4cc4-af52-9b9fded71089,d6d3bf38-eeae-4544-87ed-b5a742bb3fc6,112,0.71,79.52,"2024-11-11 02:07:50"
27188,162,tw_b,158263,720a0744-5ae3-4aee-bf19-de4adca3da98,d6d3bf38-eeae-4544-87ed-b5a742bb3fc6,112,0.29,32.48,"2024-11-11 02:07:50"
27189,162,tw_b,158263,720a0744-5ae3-4aee-bf19-de4adca3da98,d6d3bf38-eeae-4544-87ed-b5a742bb3fc6,113,0.42,47.46,"2024-11-11 02:07:50"
27192,162,tw_b,158269,38f682dd-4303-49f4-b118-61be6b87a134,d6d3bf38-eeae-4544-87ed-b5a742bb3fc6,113,0.58,65.54,"2024-11-11 02:07:50"
27193,162,tw_b,158269,38f682dd-4303-49f4-b118-61be6b87a134,d6d3bf38-eeae-4544-87ed-b5a742bb3fc6,114,1.42,161.88,"2024-11-11 02:07:50"
27187,163,tw_c,158261,da569f5d-a13c-4cc4-af52-9b9fded71089,d6d3bf38-eeae-4544-87ed-b5a742bb3fc6,82,2,164,"2024-11-11 02:07:50"
27191,164,tw_d,158266,da569f5d-a13c-4cc4-af52-9b9fded71089,d6d3bf38-eeae-4544-87ed-b5a742bb3fc6,41,2,82,"2024-11-11 02:07:50"
27180,162,tw_b,158244,da569f5d-a13c-4cc4-af52-9b9fded71089,d6d3bf38-eeae-4544-87ed-b5a742bb3fc6,111,1,111,"2024-11-11 02:07:49"
27181,162,tw_b,158246,720a0744-5ae3-4aee-bf19-de4adca3da98,d6d3bf38-eeae-4544-87ed-b5a742bb3fc6,111,1,111,"2024-11-11 02:07:49"
27182,162,tw_b,158248,38f682dd-4303-49f4-b118-61be6b87a134,d6d3bf38-eeae-4544-87ed-b5a742bb3fc6,112,1,112,"2024-11-11 02:07:49"
27177,164,tw_d,158220,da569f5d-a13c-4cc4-af52-9b9fded71089,d6d3bf38-eeae-4544-87ed-b5a742bb3fc6,41,1,41,"2024-11-11 02:07:48"
27178,164,tw_d,158222,720a0744-5ae3-4aee-bf19-de4adca3da98,d6d3bf38-eeae-4544-87ed-b5a742bb3fc6,42,1,42,"2024-11-11 02:07:48"
27179,164,tw_d,158223,38f682dd-4303-49f4-b118-61be6b87a134,d6d3bf38-eeae-4544-87ed-b5a742bb3fc6,43,1,43,"2024-11-11 02:07:48"
27172,164,tw_d,158207,da569f5d-a13c-4cc4-af52-9b9fded71089,d6d3bf38-eeae-4544-87ed-b5a742bb3fc6,41,1,41,"2024-11-11 02:07:47"
27173,164,tw_d,158211,720a0744-5ae3-4aee-bf19-de4adca3da98,d6d3bf38-eeae-4544-87ed-b5a742bb3fc6,40,1,40,"2024-11-11 02:07:47"
27174,164,tw_d,158213,38f682dd-4303-49f4-b118-61be6b87a134,d6d3bf38-eeae-4544-87ed-b5a742bb3fc6,40,1,40,"2024-11-11 02:07:47"
27171,164,tw_d,158205,da569f5d-a13c-4cc4-af52-9b9fded71089,d6d3bf38-eeae-4544-87ed-b5a742bb3fc6,40,1,40,"2024-11-11 02:07:46"
27170,164,tw_d,158203,da569f5d-a13c-4cc4-af52-9b9fded71089,d6d3bf38-eeae-4544-87ed-b5a742bb3fc6,40,1,40,"2024-11-11 02:07:45"
27169,164,tw_d,158196,da569f5d-a13c-4cc4-af52-9b9fded71089,d6d3bf38-eeae-4544-87ed-b5a742bb3fc6,40,1,40,"2024-11-11 02:07:44"
27168,164,tw_d,158193,da569f5d-a13c-4cc4-af52-9b9fded71089,d6d3bf38-eeae-4544-87ed-b5a742bb3fc6,40,1,40,"2024-11-11 02:07:43"
27164,162,tw_b,158165,d6d3bf38-eeae-4544-87ed-b5a742bb3fc6,03f9e434-04bd-417f-a72c-a10ce88756a5,110,2,220,"2024-11-11 02:07:37"
27165,162,tw_b,158165,d6d3bf38-eeae-4544-87ed-b5a742bb3fc6,03f9e434-04bd-417f-a72c-a10ce88756a5,109,1,109,"2024-11-11 02:07:37"
27156,163,tw_c,158156,d6d3bf38-eeae-4544-87ed-b5a742bb3fc6,03f9e434-04bd-417f-a72c-a10ce88756a5,81,1,81,"2024-11-11 02:07:35"
27157,163,tw_c,158156,d6d3bf38-eeae-4544-87ed-b5a742bb3fc6,03f9e434-04bd-417f-a72c-a10ce88756a5,80,2,160,"2024-11-11 02:07:35"
27154,161,tw_a,158155,d6d3bf38-eeae-4544-87ed-b5a742bb3fc6,03f9e434-04bd-417f-a72c-a10ce88756a5,139,1,139,"2024-11-11 02:07:34"
27155,161,tw_a,158155,d6d3bf38-eeae-4544-87ed-b5a742bb3fc6,03f9e434-04bd-417f-a72c-a10ce88756a5,138,0.5,69.0,"2024-11-11 02:07:34"
27136,163,tw_c,158107,d6d3bf38-eeae-4544-87ed-b5a742bb3fc6,03f9e434-04bd-417f-a72c-a10ce88756a5,82,2,164,"2024-11-11 02:07:22"
27137,163,tw_c,158107,d6d3bf38-eeae-4544-87ed-b5a742bb3fc6,03f9e434-04bd-417f-a72c-a10ce88756a5,81,1,81,"2024-11-11 02:07:22"
27119,163,tw_c,158087,73a46e67-7504-405c-bee9-4257f2c44ae8,d6d3bf38-eeae-4544-87ed-b5a742bb3fc6,84,2,168,"2024-11-11 02:07:21"
27096,163,tw_c,158051,73a46e67-7504-405c-bee9-4257f2c44ae8,d6d3bf38-eeae-4544-87ed-b5a742bb3fc6,84,0.3,25.2,"2024-11-11 02:07:20"
27010,161,tw_a,157929,d6d3bf38-eeae-4544-87ed-b5a742bb3fc6,03f9e434-04bd-417f-a72c-a10ce88756a5,140,2,280,"2024-11-11 02:06:59"
27011,161,tw_a,157929,d6d3bf38-eeae-4544-87ed-b5a742bb3fc6,03f9e434-04bd-417f-a72c-a10ce88756a5,139,1,139,"2024-11-11 02:06:59"
26950,163,tw_c,157845,03f9e434-04bd-417f-a72c-a10ce88756a5,d6d3bf38-eeae-4544-87ed-b5a742bb3fc6,83,1.5,124.5,"2024-11-11 02:06:56"
26853,161,tw_a,157719,03f9e434-04bd-417f-a72c-a10ce88756a5,d6d3bf38-eeae-4544-87ed-b5a742bb3fc6,142,1,142,"2024-11-11 02:06:47"
26854,161,tw_a,157719,03f9e434-04bd-417f-a72c-a10ce88756a5,d6d3bf38-eeae-4544-87ed-b5a742bb3fc6,143,2,286,"2024-11-11 02:06:47"
26610,163,tw_c,157349,d6d3bf38-eeae-4544-87ed-b5a742bb3fc6,03f9e434-04bd-417f-a72c-a10ce88756a5,80,2,160,"2024-11-11 02:06:10"
26611,163,tw_c,157349,d6d3bf38-eeae-4544-87ed-b5a742bb3fc6,03f9e434-04bd-417f-a72c-a10ce88756a5,79,1,79,"2024-11-11 02:06:10"
26608,164,tw_d,157342,d6d3bf38-eeae-4544-87ed-b5a742bb3fc6,03f9e434-04bd-417f-a72c-a10ce88756a5,39,1.5,58.5,"2024-11-11 02:06:05"
26584,161,tw_a,157262,03f9e434-04bd-417f-a72c-a10ce88756a5,d6d3bf38-eeae-4544-87ed-b5a742bb3fc6,141,2,282,"2024-11-11 02:05:37"
26585,161,tw_a,157262,03f9e434-04bd-417f-a72c-a10ce88756a5,d6d3bf38-eeae-4544-87ed-b5a742bb3fc6,142,1,142,"2024-11-11 02:05:37"
26579,163,tw_c,157246,03f9e434-04bd-417f-a72c-a10ce88756a5,d6d3bf38-eeae-4544-87ed-b5a742bb3fc6,82,1.5,123.0,"2024-11-11 02:05:31"
26577,161,tw_a,157230,d6d3bf38-eeae-4544-87ed-b5a742bb3fc6,03f9e434-04bd-417f-a72c-a10ce88756a5,140,1.5,210.0,"2024-11-11 02:05:17"
26576,162,tw_b,157215,03f9e434-04bd-417f-a72c-a10ce88756a5,d6d3bf38-eeae-4544-87ed-b5a742bb3fc6,112,1.5,168.0,"2024-11-11 02:05:11"
26567,162,tw_b,157191,03f9e434-04bd-417f-a72c-a10ce88756a5,d6d3bf38-eeae-4544-87ed-b5a742bb3fc6,112,2,224,"2024-11-11 02:05:02"
26568,162,tw_b,157191,03f9e434-04bd-417f-a72c-a10ce88756a5,d6d3bf38-eeae-4544-87ed-b5a742bb3fc6,113,1,113,"2024-11-11 02:05:02"
26563,163,tw_c,157173,d6d3bf38-eeae-4544-87ed-b5a742bb3fc6,03f9e434-04bd-417f-a72c-a10ce88756a5,81,2,162,"2024-11-11 02:04:56"
26564,163,tw_c,157173,d6d3bf38-eeae-4544-87ed-b5a742bb3fc6,03f9e434-04bd-417f-a72c-a10ce88756a5,80,1,80,"2024-11-11 02:04:56"
26561,163,tw_c,157160,d6d3bf38-eeae-4544-87ed-b5a742bb3fc6,03f9e434-04bd-417f-a72c-a10ce88756a5,81,2,162,"2024-11-11 02:04:53"
26562,163,tw_c,157160,d6d3bf38-eeae-4544-87ed-b5a742bb3fc6,03f9e434-04bd-417f-a72c-a10ce88756a5,80,1,80,"2024-11-11 02:04:53"
26558,163,tw_c,157145,03f9e434-04bd-417f-a72c-a10ce88756a5,d6d3bf38-eeae-4544-87ed-b5a742bb3fc6,83,0.5,41.5,"2024-11-11 02:04:44"
26559,163,tw_c,157145,03f9e434-04bd-417f-a72c-a10ce88756a5,d6d3bf38-eeae-4544-87ed-b5a742bb3fc6,84,1.0,84.0,"2024-11-11 02:04:44"
26551,164,tw_d,157112,d6d3bf38-eeae-4544-87ed-b5a742bb3fc6,03f9e434-04bd-417f-a72c-a10ce88756a5,40,1.5,60.0,"2024-11-11 02:04:34"
26549,164,tw_d,157098,03f9e434-04bd-417f-a72c-a10ce88756a5,d6d3bf38-eeae-4544-87ed-b5a742bb3fc6,41,2,82,"2024-11-11 02:04:30"
26550,164,tw_d,157098,03f9e434-04bd-417f-a72c-a10ce88756a5,d6d3bf38-eeae-4544-87ed-b5a742bb3fc6,42,1,42,"2024-11-11 02:04:30"
26531,163,tw_c,157050,03f9e434-04bd-417f-a72c-a10ce88756a5,d6d3bf38-eeae-4544-87ed-b5a742bb3fc6,83,1.5,124.5,"2024-11-11 02:04:11"
26515,164,tw_d,157001,d6d3bf38-eeae-4544-87ed-b5a742bb3fc6,73a46e67-7504-405c-bee9-4257f2c44ae8,40,2,80,"2024-11-11 02:03:52"
26507,163,tw_c,156993,03f9e434-04bd-417f-a72c-a10ce88756a5,35e308ff-262f-477a-8a59-8cf292618e27,81.5,0.1,8.15,"2024-11-11 02:03:48"
26508,163,tw_c,156993,03f9e434-04bd-417f-a72c-a10ce88756a5,35e308ff-262f-477a-8a59-8cf292618e27,81.55,0.1,8.155,"2024-11-11 02:03:48"
26509,163,tw_c,156993,03f9e434-04bd-417f-a72c-a10ce88756a5,35e308ff-262f-477a-8a59-8cf292618e27,81.6,0.1,8.16,"2024-11-11 02:03:48"
26510,163,tw_c,156993,03f9e434-04bd-417f-a72c-a10ce88756a5,d6d3bf38-eeae-4544-87ed-b5a742bb3fc6,83,0.5,41.5,"2024-11-11 02:03:48"
26511,163,tw_c,156993,03f9e434-04bd-417f-a72c-a10ce88756a5,d6d3bf38-eeae-4544-87ed-b5a742bb3fc6,84,0.7,58.8,"2024-11-11 02:03:48"
26505,161,tw_a,156978,d6d3bf38-eeae-4544-87ed-b5a742bb3fc6,03f9e434-04bd-417f-a72c-a10ce88756a5,140,1,140,"2024-11-11 02:03:47"
26506,161,tw_a,156978,d6d3bf38-eeae-4544-87ed-b5a742bb3fc6,03f9e434-04bd-417f-a72c-a10ce88756a5,139,2,278,"2024-11-11 02:03:47"
26482,162,tw_b,156907,03f9e434-04bd-417f-a72c-a10ce88756a5,d6d3bf38-eeae-4544-87ed-b5a742bb3fc6,112,1,112,"2024-11-11 02:03:30"
26483,162,tw_b,156907,03f9e434-04bd-417f-a72c-a10ce88756a5,d6d3bf38-eeae-4544-87ed-b5a742bb3fc6,113,0.26,29.38,"2024-11-11 02:03:30"
26484,162,tw_b,156907,03f9e434-04bd-417f-a72c-a10ce88756a5,d6d3bf38-eeae-4544-87ed-b5a742bb3fc6,114,1.5,171.0,"2024-11-11 02:03:30"
26485,162,tw_b,156907,03f9e434-04bd-417f-a72c-a10ce88756a5,d6d3bf38-eeae-4544-87ed-b5a742bb3fc6,115,0.24,27.6,"2024-11-11 02:03:30"
26476,162,tw_b,156886,03f9e434-04bd-417f-a72c-a10ce88756a5,d6d3bf38-eeae-4544-87ed-b5a742bb3fc6,111,2,222,"2024-11-11 02:03:15"
26477,162,tw_b,156886,03f9e434-04bd-417f-a72c-a10ce88756a5,d6d3bf38-eeae-4544-87ed-b5a742bb3fc6,112,1,112,"2024-11-11 02:03:15"
26463,161,tw_a,156865,d6d3bf38-eeae-4544-87ed-b5a742bb3fc6,03f9e434-04bd-417f-a72c-a10ce88756a5,141,2,282,"2024-11-11 02:03:07"
26464,161,tw_a,156865,d6d3bf38-eeae-4544-87ed-b5a742bb3fc6,03f9e434-04bd-417f-a72c-a10ce88756a5,140,1,140,"2024-11-11 02:03:07"
26462,161,tw_a,156859,03f9e434-04bd-417f-a72c-a10ce88756a5,d6d3bf38-eeae-4544-87ed-b5a742bb3fc6,142,1.5,213.0,"2024-11-11 02:03:06"
26455,164,tw_d,156821,03f9e434-04bd-417f-a72c-a10ce88756a5,d6d3bf38-eeae-4544-87ed-b5a742bb3fc6,42,1,42,"2024-11-11 02:02:51"
26456,164,tw_d,156821,03f9e434-04bd-417f-a72c-a10ce88756a5,d6d3bf38-eeae-4544-87ed-b5a742bb3fc6,43,2,86,"2024-11-11 02:02:51"
26454,161,tw_a,156811,d6d3bf38-eeae-4544-87ed-b5a742bb3fc6,73a46e67-7504-405c-bee9-4257f2c44ae8,141,2,282,"2024-11-11 02:02:49"
26446,161,tw_a,156789,d6d3bf38-eeae-4544-87ed-b5a742bb3fc6,73a46e67-7504-405c-bee9-4257f2c44ae8,141,2,282,"2024-11-11 02:02:40"
26445,161,tw_a,156781,d6d3bf38-eeae-4544-87ed-b5a742bb3fc6,73a46e67-7504-405c-bee9-4257f2c44ae8,141,2,282,"2024-11-11 02:02:38"
26434,163,tw_c,156765,03f9e434-04bd-417f-a72c-a10ce88756a5,35e308ff-262f-477a-8a59-8cf292618e27,81.5,0.1,8.15,"2024-11-11 02:02:30"
26435,163,tw_c,156765,03f9e434-04bd-417f-a72c-a10ce88756a5,35e308ff-262f-477a-8a59-8cf292618e27,81.55,0.1,8.155,"2024-11-11 02:02:30"
26436,163,tw_c,156765,03f9e434-04bd-417f-a72c-a10ce88756a5,35e308ff-262f-477a-8a59-8cf292618e27,81.6,0.1,8.16,"2024-11-11 02:02:30"
26437,163,tw_c,156765,03f9e434-04bd-417f-a72c-a10ce88756a5,35e308ff-262f-477a-8a59-8cf292618e27,81.65,0.1,8.165,"2024-11-11 02:02:30"
26438,163,tw_c,156765,03f9e434-04bd-417f-a72c-a10ce88756a5,35e308ff-262f-477a-8a59-8cf292618e27,81.7,0.1,8.17,"2024-11-11 02:02:30"
26439,163,tw_c,156765,03f9e434-04bd-417f-a72c-a10ce88756a5,d6d3bf38-eeae-4544-87ed-b5a742bb3fc6,83,1.0,83.0,"2024-11-11 02:02:30"
26433,161,tw_a,156751,d6d3bf38-eeae-4544-87ed-b5a742bb3fc6,73a46e67-7504-405c-bee9-4257f2c44ae8,142,2,284,"2024-11-11 02:02:29"
26402,164,tw_d,156659,03f9e434-04bd-417f-a72c-a10ce88756a5,d6d3bf38-eeae-4544-87ed-b5a742bb3fc6,41,2,82,"2024-11-11 02:02:05"
26403,164,tw_d,156659,03f9e434-04bd-417f-a72c-a10ce88756a5,d6d3bf38-eeae-4544-87ed-b5a742bb3fc6,42,1,42,"2024-11-11 02:02:05"
26399,161,tw_a,156639,d6d3bf38-eeae-4544-87ed-b5a742bb3fc6,73a46e67-7504-405c-bee9-4257f2c44ae8,142,2,284,"2024-11-11 02:02:02"
26395,164,tw_d,156628,d6d3bf38-eeae-4544-87ed-b5a742bb3fc6,03f9e434-04bd-417f-a72c-a10ce88756a5,39,0.5,19.5,"2024-11-11 02:02:00"
26396,164,tw_d,156628,d6d3bf38-eeae-4544-87ed-b5a742bb3fc6,03f9e434-04bd-417f-a72c-a10ce88756a5,38,1.0,38.0,"2024-11-11 02:02:00"
26383,162,tw_b,156590,d6d3bf38-eeae-4544-87ed-b5a742bb3fc6,03f9e434-04bd-417f-a72c-a10ce88756a5,109,0.5,54.5,"2024-11-11 02:01:45"
26384,162,tw_b,156590,d6d3bf38-eeae-4544-87ed-b5a742bb3fc6,03f9e434-04bd-417f-a72c-a10ce88756a5,108,1.0,108.0,"2024-11-11 02:01:45"
26374,162,tw_b,156569,d6d3bf38-eeae-4544-87ed-b5a742bb3fc6,03f9e434-04bd-417f-a72c-a10ce88756a5,109,1.5,163.5,"2024-11-11 02:01:38"
26349,163,tw_c,156515,03f9e434-04bd-417f-a72c-a10ce88756a5,35e308ff-262f-477a-8a59-8cf292618e27,81.5,0.1,8.15,"2024-11-11 02:01:16"
26350,163,tw_c,156515,03f9e434-04bd-417f-a72c-a10ce88756a5,35e308ff-262f-477a-8a59-8cf292618e27,81.55,0.1,8.155,"2024-11-11 02:01:16"
26351,163,tw_c,156515,03f9e434-04bd-417f-a72c-a10ce88756a5,35e308ff-262f-477a-8a59-8cf292618e27,81.6,0.1,8.16,"2024-11-11 02:01:16"
26352,163,tw_c,156515,03f9e434-04bd-417f-a72c-a10ce88756a5,35e308ff-262f-477a-8a59-8cf292618e27,81.65,0.1,8.165,"2024-11-11 02:01:16"
26353,163,tw_c,156515,03f9e434-04bd-417f-a72c-a10ce88756a5,35e308ff-262f-477a-8a59-8cf292618e27,81.7,0.1,8.17,"2024-11-11 02:01:16"
26354,163,tw_c,156515,03f9e434-04bd-417f-a72c-a10ce88756a5,d6d3bf38-eeae-4544-87ed-b5a742bb3fc6,82,2,164,"2024-11-11 02:01:16"
26355,163,tw_c,156515,03f9e434-04bd-417f-a72c-a10ce88756a5,d6d3bf38-eeae-4544-87ed-b5a742bb3fc6,83,0.5,41.5,"2024-11-11 02:01:16"
26342,163,tw_c,156492,d6d3bf38-eeae-4544-87ed-b5a742bb3fc6,03f9e434-04bd-417f-a72c-a10ce88756a5,80,2,160,"2024-11-11 02:01:05"
26343,163,tw_c,156492,d6d3bf38-eeae-4544-87ed-b5a742bb3fc6,03f9e434-04bd-417f-a72c-a10ce88756a5,79,1,79,"2024-11-11 02:01:05"
26333,164,tw_d,156464,d6d3bf38-eeae-4544-87ed-b5a742bb3fc6,03f9e434-04bd-417f-a72c-a10ce88756a5,39,1.5,58.5,"2024-11-11 02:00:59"
26322,161,tw_a,156418,03f9e434-04bd-417f-a72c-a10ce88756a5,d6d3bf38-eeae-4544-87ed-b5a742bb3fc6,144,1.5,216.0,"2024-11-11 02:00:42"
26318,161,tw_a,156383,35e308ff-262f-477a-8a59-8cf292618e27,d6d3bf38-eeae-4544-87ed-b5a742bb3fc6,143.5,0.1,14.35,"2024-11-11 02:00:35"
26319,161,tw_a,156383,35e308ff-262f-477a-8a59-8cf292618e27,d6d3bf38-eeae-4544-87ed-b5a742bb3fc6,143.45,0.1,14.345,"2024-11-11 02:00:35"
26271,162,tw_b,156261,03f9e434-04bd-417f-a72c-a10ce88756a5,d6d3bf38-eeae-4544-87ed-b5a742bb3fc6,112,2,224,"2024-11-11 02:00:26"
26272,162,tw_b,156261,03f9e434-04bd-417f-a72c-a10ce88756a5,d6d3bf38-eeae-4544-87ed-b5a742bb3fc6,113,1,113,"2024-11-11 02:00:26"
26268,164,tw_d,156236,d6d3bf38-eeae-4544-87ed-b5a742bb3fc6,03f9e434-04bd-417f-a72c-a10ce88756a5,40,1.5,60.0,"2024-11-11 02:00:18"
26255,162,tw_b,156200,6084a0e6-9085-4343-b7fd-c6b38388d26d,d6d3bf38-eeae-4544-87ed-b5a742bb3fc6,111,2,222,"2024-11-11 02:00:15"
26256,162,tw_b,156200,6084a0e6-9085-4343-b7fd-c6b38388d26d,d6d3bf38-eeae-4544-87ed-b5a742bb3fc6,112,2,224,"2024-11-11 02:00:15"
26257,162,tw_b,156200,6084a0e6-9085-4343-b7fd-c6b38388d26d,d6d3bf38-eeae-4544-87ed-b5a742bb3fc6,113,0.74,83.62,"2024-11-11 02:00:15"
26258,163,tw_c,156201,6084a0e6-9085-4343-b7fd-c6b38388d26d,35e308ff-262f-477a-8a59-8cf292618e27,81.5,0.1,8.15,"2024-11-11 02:00:15"
26259,163,tw_c,156201,6084a0e6-9085-4343-b7fd-c6b38388d26d,35e308ff-262f-477a-8a59-8cf292618e27,81.55,0.1,8.155,"2024-11-11 02:00:15"
26260,163,tw_c,156201,6084a0e6-9085-4343-b7fd-c6b38388d26d,35e308ff-262f-477a-8a59-8cf292618e27,81.6,0.1,8.16,"2024-11-11 02:00:15"
26261,163,tw_c,156201,6084a0e6-9085-4343-b7fd-c6b38388d26d,35e308ff-262f-477a-8a59-8cf292618e27,81.65,0.1,8.165,"2024-11-11 02:00:15"
26262,163,tw_c,156201,6084a0e6-9085-4343-b7fd-c6b38388d26d,35e308ff-262f-477a-8a59-8cf292618e27,81.7,0.1,8.17,"2024-11-11 02:00:15"
26263,163,tw_c,156201,6084a0e6-9085-4343-b7fd-c6b38388d26d,d6d3bf38-eeae-4544-87ed-b5a742bb3fc6,82,2,164,"2024-11-11 02:00:15"
26264,163,tw_c,156201,6084a0e6-9085-4343-b7fd-c6b38388d26d,d6d3bf38-eeae-4544-87ed-b5a742bb3fc6,83,2,166,"2024-11-11 02:00:15"
26265,163,tw_c,156201,6084a0e6-9085-4343-b7fd-c6b38388d26d,d6d3bf38-eeae-4544-87ed-b5a742bb3fc6,84,2,168,"2024-11-11 02:00:15"
26266,163,tw_c,156201,6084a0e6-9085-4343-b7fd-c6b38388d26d,d6d3bf38-eeae-4544-87ed-b5a742bb3fc6,85,1.0,85.0,"2024-11-11 02:00:15"
26267,163,tw_c,156201,6084a0e6-9085-4343-b7fd-c6b38388d26d,d6d3bf38-eeae-4544-87ed-b5a742bb3fc6,86,1.59,136.74,"2024-11-11 02:00:15"
26234,162,tw_b,156137,6084a0e6-9085-4343-b7fd-c6b38388d26d,d6d3bf38-eeae-4544-87ed-b5a742bb3fc6,109,2,218,"2024-11-11 02:00:13"
26235,162,tw_b,156137,6084a0e6-9085-4343-b7fd-c6b38388d26d,d6d3bf38-eeae-4544-87ed-b5a742bb3fc6,110,2,220,"2024-11-11 02:00:13"
26236,162,tw_b,156137,6084a0e6-9085-4343-b7fd-c6b38388d26d,d6d3bf38-eeae-4544-87ed-b5a742bb3fc6,111,2,222,"2024-11-11 02:00:13"
26237,162,tw_b,156137,6084a0e6-9085-4343-b7fd-c6b38388d26d,d6d3bf38-eeae-4544-87ed-b5a742bb3fc6,112,1.5,168.0,"2024-11-11 02:00:13"
26238,162,tw_b,156137,6084a0e6-9085-4343-b7fd-c6b38388d26d,d6d3bf38-eeae-4544-87ed-b5a742bb3fc6,113,2,226,"2024-11-11 02:00:13"
26239,162,tw_b,156137,6084a0e6-9085-4343-b7fd-c6b38388d26d,d6d3bf38-eeae-4544-87ed-b5a742bb3fc6,114,0.5,57.0,"2024-11-11 02:00:13"
26240,163,tw_c,156143,6084a0e6-9085-4343-b7fd-c6b38388d26d,d6d3bf38-eeae-4544-87ed-b5a742bb3fc6,80,2,160,"2024-11-11 02:00:13"
26241,163,tw_c,156143,6084a0e6-9085-4343-b7fd-c6b38388d26d,d6d3bf38-eeae-4544-87ed-b5a742bb3fc6,81,2,162,"2024-11-11 02:00:13"
26242,163,tw_c,156143,6084a0e6-9085-4343-b7fd-c6b38388d26d,35e308ff-262f-477a-8a59-8cf292618e27,81.5,0.1,8.15,"2024-11-11 02:00:13"
26243,163,tw_c,156143,6084a0e6-9085-4343-b7fd-c6b38388d26d,35e308ff-262f-477a-8a59-8cf292618e27,81.55,0.1,8.155,"2024-11-11 02:00:13"
26244,163,tw_c,156143,6084a0e6-9085-4343-b7fd-c6b38388d26d,35e308ff-262f-477a-8a59-8cf292618e27,81.6,0.1,8.16,"2024-11-11 02:00:13"
26245,163,tw_c,156143,6084a0e6-9085-4343-b7fd-c6b38388d26d,35e308ff-262f-477a-8a59-8cf292618e27,81.65,0.1,8.165,"2024-11-11 02:00:13"
26246,163,tw_c,156143,6084a0e6-9085-4343-b7fd-c6b38388d26d,35e308ff-262f-477a-8a59-8cf292618e27,81.7,0.1,8.17,"2024-11-11 02:00:13"
26247,163,tw_c,156143,6084a0e6-9085-4343-b7fd-c6b38388d26d,d6d3bf38-eeae-4544-87ed-b5a742bb3fc6,82,2,164,"2024-11-11 02:00:13"
26248,163,tw_c,156143,6084a0e6-9085-4343-b7fd-c6b38388d26d,d6d3bf38-eeae-4544-87ed-b5a742bb3fc6,83,0.5,41.5,"2024-11-11 02:00:13"
26249,163,tw_c,156143,6084a0e6-9085-4343-b7fd-c6b38388d26d,d6d3bf38-eeae-4544-87ed-b5a742bb3fc6,84,2,168,"2024-11-11 02:00:13"
26250,163,tw_c,156143,6084a0e6-9085-4343-b7fd-c6b38388d26d,d6d3bf38-eeae-4544-87ed-b5a742bb3fc6,85,1.0,85.0,"2024-11-11 02:00:13"
26233,162,tw_b,156122,d6d3bf38-eeae-4544-87ed-b5a742bb3fc6,03f9e434-04bd-417f-a72c-a10ce88756a5,107,1.5,160.5,"2024-11-11 02:00:12"
26214,162,tw_b,156071,6084a0e6-9085-4343-b7fd-c6b38388d26d,d6d3bf38-eeae-4544-87ed-b5a742bb3fc6,107,2,214,"2024-11-11 02:00:11"
26215,162,tw_b,156071,6084a0e6-9085-4343-b7fd-c6b38388d26d,d6d3bf38-eeae-4544-87ed-b5a742bb3fc6,108,2,216,"2024-11-11 02:00:11"
26216,162,tw_b,156071,6084a0e6-9085-4343-b7fd-c6b38388d26d,d6d3bf38-eeae-4544-87ed-b5a742bb3fc6,109,2,218,"2024-11-11 02:00:11"
26217,162,tw_b,156071,6084a0e6-9085-4343-b7fd-c6b38388d26d,d6d3bf38-eeae-4544-87ed-b5a742bb3fc6,110,2,220,"2024-11-11 02:00:11"
26218,162,tw_b,156071,6084a0e6-9085-4343-b7fd-c6b38388d26d,d6d3bf38-eeae-4544-87ed-b5a742bb3fc6,111,1.5,166.5,"2024-11-11 02:00:11"
26219,162,tw_b,156071,6084a0e6-9085-4343-b7fd-c6b38388d26d,d6d3bf38-eeae-4544-87ed-b5a742bb3fc6,112,0.5,56.0,"2024-11-11 02:00:11"
26222,163,tw_c,156091,6084a0e6-9085-4343-b7fd-c6b38388d26d,d6d3bf38-eeae-4544-87ed-b5a742bb3fc6,79,2,158,"2024-11-11 02:00:11"
26223,163,tw_c,156091,6084a0e6-9085-4343-b7fd-c6b38388d26d,d6d3bf38-eeae-4544-87ed-b5a742bb3fc6,80,2,160,"2024-11-11 02:00:11"
26224,163,tw_c,156091,6084a0e6-9085-4343-b7fd-c6b38388d26d,d6d3bf38-eeae-4544-87ed-b5a742bb3fc6,81,2,162,"2024-11-11 02:00:11"
26225,163,tw_c,156091,6084a0e6-9085-4343-b7fd-c6b38388d26d,35e308ff-262f-477a-8a59-8cf292618e27,81.5,0.1,8.15,"2024-11-11 02:00:11"
26226,163,tw_c,156091,6084a0e6-9085-4343-b7fd-c6b38388d26d,35e308ff-262f-477a-8a59-8cf292618e27,81.55,0.1,8.155,"2024-11-11 02:00:11"
26227,163,tw_c,156091,6084a0e6-9085-4343-b7fd-c6b38388d26d,35e308ff-262f-477a-8a59-8cf292618e27,81.6,0.1,8.16,"2024-11-11 02:00:11"
26228,163,tw_c,156091,6084a0e6-9085-4343-b7fd-c6b38388d26d,35e308ff-262f-477a-8a59-8cf292618e27,81.65,0.1,8.165,"2024-11-11 02:00:11"
26229,163,tw_c,156091,6084a0e6-9085-4343-b7fd-c6b38388d26d,35e308ff-262f-477a-8a59-8cf292618e27,81.7,0.1,8.17,"2024-11-11 02:00:11"
26230,163,tw_c,156091,6084a0e6-9085-4343-b7fd-c6b38388d26d,d6d3bf38-eeae-4544-87ed-b5a742bb3fc6,82,2,164,"2024-11-11 02:00:11"
26231,163,tw_c,156091,6084a0e6-9085-4343-b7fd-c6b38388d26d,d6d3bf38-eeae-4544-87ed-b5a742bb3fc6,83,1.5,124.5,"2024-11-11 02:00:11"
26211,161,tw_a,156069,6084a0e6-9085-4343-b7fd-c6b38388d26d,d6d3bf38-eeae-4544-87ed-b5a742bb3fc6,143,2,286,"2024-11-11 02:00:10"
26212,161,tw_a,156069,6084a0e6-9085-4343-b7fd-c6b38388d26d,d6d3bf38-eeae-4544-87ed-b5a742bb3fc6,144,2,288,"2024-11-11 02:00:10"
26213,161,tw_a,156069,6084a0e6-9085-4343-b7fd-c6b38388d26d,bdb0e164-7d82-4a11-b042-14782d7ed59b,145,5.83,845.35,"2024-11-11 02:00:10"
26205,164,tw_d,156019,6084a0e6-9085-4343-b7fd-c6b38388d26d,d6d3bf38-eeae-4544-87ed-b5a742bb3fc6,40,2,80,"2024-11-11 02:00:09"
26206,164,tw_d,156019,6084a0e6-9085-4343-b7fd-c6b38388d26d,d6d3bf38-eeae-4544-87ed-b5a742bb3fc6,41,2,82,"2024-11-11 02:00:09"
26207,164,tw_d,156019,6084a0e6-9085-4343-b7fd-c6b38388d26d,d6d3bf38-eeae-4544-87ed-b5a742bb3fc6,42,1.45,60.9,"2024-11-11 02:00:09"
26208,164,tw_d,156019,6084a0e6-9085-4343-b7fd-c6b38388d26d,d6d3bf38-eeae-4544-87ed-b5a742bb3fc6,43,2,86,"2024-11-11 02:00:09"
26209,164,tw_d,156019,6084a0e6-9085-4343-b7fd-c6b38388d26d,d6d3bf38-eeae-4544-87ed-b5a742bb3fc6,44,2,88,"2024-11-11 02:00:09"
26210,164,tw_d,156019,6084a0e6-9085-4343-b7fd-c6b38388d26d,d6d3bf38-eeae-4544-87ed-b5a742bb3fc6,45,0.39,17.55,"2024-11-11 02:00:09"
26188,162,tw_b,155972,6084a0e6-9085-4343-b7fd-c6b38388d26d,d6d3bf38-eeae-4544-87ed-b5a742bb3fc6,106,2,212,"2024-11-11 02:00:08"
26189,162,tw_b,155972,6084a0e6-9085-4343-b7fd-c6b38388d26d,d6d3bf38-eeae-4544-87ed-b5a742bb3fc6,107,2,214,"2024-11-11 02:00:08"
26190,162,tw_b,155972,6084a0e6-9085-4343-b7fd-c6b38388d26d,d6d3bf38-eeae-4544-87ed-b5a742bb3fc6,108,2,216,"2024-11-11 02:00:08"
26191,162,tw_b,155972,6084a0e6-9085-4343-b7fd-c6b38388d26d,d6d3bf38-eeae-4544-87ed-b5a742bb3fc6,109,2,218,"2024-11-11 02:00:08"
26192,162,tw_b,155972,6084a0e6-9085-4343-b7fd-c6b38388d26d,d6d3bf38-eeae-4544-87ed-b5a742bb3fc6,110,2,220,"2024-11-11 02:00:08"
26193,163,tw_c,155973,03f9e434-04bd-417f-a72c-a10ce88756a5,d6d3bf38-eeae-4544-87ed-b5a742bb3fc6,76,1.5,114.0,"2024-11-11 02:00:08"
26194,163,tw_c,155982,6084a0e6-9085-4343-b7fd-c6b38388d26d,d6d3bf38-eeae-4544-87ed-b5a742bb3fc6,76,0.5,38.0,"2024-11-11 02:00:08"
26195,163,tw_c,155982,6084a0e6-9085-4343-b7fd-c6b38388d26d,d6d3bf38-eeae-4544-87ed-b5a742bb3fc6,77,1,77,"2024-11-11 02:00:08"
26196,163,tw_c,155982,6084a0e6-9085-4343-b7fd-c6b38388d26d,d6d3bf38-eeae-4544-87ed-b5a742bb3fc6,78,2,156,"2024-11-11 02:00:08"
26197,163,tw_c,155982,6084a0e6-9085-4343-b7fd-c6b38388d26d,d6d3bf38-eeae-4544-87ed-b5a742bb3fc6,79,2,158,"2024-11-11 02:00:08"
26198,163,tw_c,155982,6084a0e6-9085-4343-b7fd-c6b38388d26d,d6d3bf38-eeae-4544-87ed-b5a742bb3fc6,80,2,160,"2024-11-11 02:00:08"
26199,163,tw_c,155982,6084a0e6-9085-4343-b7fd-c6b38388d26d,d6d3bf38-eeae-4544-87ed-b5a742bb3fc6,81,2,162,"2024-11-11 02:00:08"
26200,163,tw_c,155982,6084a0e6-9085-4343-b7fd-c6b38388d26d,35e308ff-262f-477a-8a59-8cf292618e27,81.5,0.1,8.15,"2024-11-11 02:00:08"
26201,163,tw_c,155982,6084a0e6-9085-4343-b7fd-c6b38388d26d,35e308ff-262f-477a-8a59-8cf292618e27,81.55,0.1,8.155,"2024-11-11 02:00:08"
26202,163,tw_c,155982,6084a0e6-9085-4343-b7fd-c6b38388d26d,35e308ff-262f-477a-8a59-8cf292618e27,81.6,0.1,8.16,"2024-11-11 02:00:08"
26203,163,tw_c,155982,6084a0e6-9085-4343-b7fd-c6b38388d26d,35e308ff-262f-477a-8a59-8cf292618e27,81.65,0.1,8.165,"2024-11-11 02:00:08"
26204,163,tw_c,155982,6084a0e6-9085-4343-b7fd-c6b38388d26d,35e308ff-262f-477a-8a59-8cf292618e27,81.7,0.1,8.17,"2024-11-11 02:00:08"
26184,161,tw_a,155971,6084a0e6-9085-4343-b7fd-c6b38388d26d,d6d3bf38-eeae-4544-87ed-b5a742bb3fc6,142,2,284,"2024-11-11 02:00:07"
26185,161,tw_a,155971,6084a0e6-9085-4343-b7fd-c6b38388d26d,d6d3bf38-eeae-4544-87ed-b5a742bb3fc6,143,1,143,"2024-11-11 02:00:07"
26186,161,tw_a,155971,6084a0e6-9085-4343-b7fd-c6b38388d26d,d6d3bf38-eeae-4544-87ed-b5a742bb3fc6,144,1.5,216.0,"2024-11-11 02:00:07"
26187,161,tw_a,155971,6084a0e6-9085-4343-b7fd-c6b38388d26d,bdb0e164-7d82-4a11-b042-14782d7ed59b,145,5.5,797.5,"2024-11-11 02:00:07"
26181,162,tw_b,155965,d6d3bf38-eeae-4544-87ed-b5a742bb3fc6,03f9e434-04bd-417f-a72c-a10ce88756a5,104,0.5,52.0,"2024-11-11 02:00:05"
26182,162,tw_b,155965,d6d3bf38-eeae-4544-87ed-b5a742bb3fc6,03f9e434-04bd-417f-a72c-a10ce88756a5,103,1.0,103.0,"2024-11-11 02:00:05"
26173,164,tw_d,155939,d6d3bf38-eeae-4544-87ed-b5a742bb3fc6,03f9e434-04bd-417f-a72c-a10ce88756a5,38,0.5,19.0,"2024-11-11 01:59:52"
26174,164,tw_d,155939,d6d3bf38-eeae-4544-87ed-b5a742bb3fc6,03f9e434-04bd-417f-a72c-a10ce88756a5,37,1.0,37.0,"2024-11-11 01:59:52"
26167,161,tw_a,155918,03f9e434-04bd-417f-a72c-a10ce88756a5,d6d3bf38-eeae-4544-87ed-b5a742bb3fc6,142,2,284,"2024-11-11 01:59:48"
26168,161,tw_a,155918,03f9e434-04bd-417f-a72c-a10ce88756a5,d6d3bf38-eeae-4544-87ed-b5a742bb3fc6,143,1,143,"2024-11-11 01:59:48"
26157,161,tw_a,155891,d6d3bf38-eeae-4544-87ed-b5a742bb3fc6,03f9e434-04bd-417f-a72c-a10ce88756a5,140,2,280,"2024-11-11 01:59:36"
26158,161,tw_a,155891,d6d3bf38-eeae-4544-87ed-b5a742bb3fc6,03f9e434-04bd-417f-a72c-a10ce88756a5,139,0.47,65.33,"2024-11-11 01:59:36"
26159,161,tw_a,155891,d6d3bf38-eeae-4544-87ed-b5a742bb3fc6,03f9e434-04bd-417f-a72c-a10ce88756a5,138,0.53,73.14,"2024-11-11 01:59:36"
26152,161,tw_a,155866,03f9e434-04bd-417f-a72c-a10ce88756a5,d6d3bf38-eeae-4544-87ed-b5a742bb3fc6,142,2,284,"2024-11-11 01:59:35"
26153,161,tw_a,155866,03f9e434-04bd-417f-a72c-a10ce88756a5,d6d3bf38-eeae-4544-87ed-b5a742bb3fc6,143,0.5,71.5,"2024-11-11 01:59:35"
26154,161,tw_a,155866,03f9e434-04bd-417f-a72c-a10ce88756a5,d6d3bf38-eeae-4544-87ed-b5a742bb3fc6,144,0.5,72.0,"2024-11-11 01:59:35"
26139,162,tw_b,155820,d6d3bf38-eeae-4544-87ed-b5a742bb3fc6,03f9e434-04bd-417f-a72c-a10ce88756a5,104,1.5,156.0,"2024-11-11 01:59:20"
26137,163,tw_c,155817,d6d3bf38-eeae-4544-87ed-b5a742bb3fc6,03f9e434-04bd-417f-a72c-a10ce88756a5,75,2,150,"2024-11-11 01:59:17"
26138,163,tw_c,155817,d6d3bf38-eeae-4544-87ed-b5a742bb3fc6,03f9e434-04bd-417f-a72c-a10ce88756a5,74,1,74,"2024-11-11 01:59:17"
26132,162,tw_b,155809,d6d3bf38-eeae-4544-87ed-b5a742bb3fc6,03f9e434-04bd-417f-a72c-a10ce88756a5,104,1,104,"2024-11-11 01:59:14"
26133,162,tw_b,155809,d6d3bf38-eeae-4544-87ed-b5a742bb3fc6,03f9e434-04bd-417f-a72c-a10ce88756a5,103,0.5,51.5,"2024-11-11 01:59:14"
26125,162,tw_b,155783,d6d3bf38-eeae-4544-87ed-b5a742bb3fc6,03f9e434-04bd-417f-a72c-a10ce88756a5,105,2,210,"2024-11-11 01:59:09"
26126,162,tw_b,155783,d6d3bf38-eeae-4544-87ed-b5a742bb3fc6,03f9e434-04bd-417f-a72c-a10ce88756a5,104,1,104,"2024-11-11 01:59:09"
26122,164,tw_d,155772,da569f5d-a13c-4cc4-af52-9b9fded71089,d6d3bf38-eeae-4544-87ed-b5a742bb3fc6,40,0.5,20.0,"2024-11-11 01:59:00"
26121,164,tw_d,155770,da569f5d-a13c-4cc4-af52-9b9fded71089,d6d3bf38-eeae-4544-87ed-b5a742bb3fc6,40,0.5,20.0,"2024-11-11 01:58:59"
26119,164,tw_d,155762,da569f5d-a13c-4cc4-af52-9b9fded71089,d6d3bf38-eeae-4544-87ed-b5a742bb3fc6,40,0.5,20.0,"2024-11-11 01:58:58"
26118,164,tw_d,155758,da569f5d-a13c-4cc4-af52-9b9fded71089,d6d3bf38-eeae-4544-87ed-b5a742bb3fc6,40,0.5,20.0,"2024-11-11 01:58:57"
26117,164,tw_d,155755,da569f5d-a13c-4cc4-af52-9b9fded71089,d6d3bf38-eeae-4544-87ed-b5a742bb3fc6,40,0.5,20.0,"2024-11-11 01:58:56"
26116,164,tw_d,155742,da569f5d-a13c-4cc4-af52-9b9fded71089,d6d3bf38-eeae-4544-87ed-b5a742bb3fc6,40,0.5,20.0,"2024-11-11 01:58:55"
26110,161,tw_a,155729,d6d3bf38-eeae-4544-87ed-b5a742bb3fc6,da569f5d-a13c-4cc4-af52-9b9fded71089,140,0.5,70.0,"2024-11-11 01:58:54"
26111,163,tw_c,155731,d6d3bf38-eeae-4544-87ed-b5a742bb3fc6,da569f5d-a13c-4cc4-af52-9b9fded71089,74,0.48,35.52,"2024-11-11 01:58:54"
26113,163,tw_c,155738,03f9e434-04bd-417f-a72c-a10ce88756a5,d6d3bf38-eeae-4544-87ed-b5a742bb3fc6,76,1.5,114.0,"2024-11-11 01:58:54"
26112,164,tw_d,155734,da569f5d-a13c-4cc4-af52-9b9fded71089,d6d3bf38-eeae-4544-87ed-b5a742bb3fc6,40,0.5,20.0,"2024-11-11 01:58:54"
26104,163,tw_c,155721,03f9e434-04bd-417f-a72c-a10ce88756a5,d6d3bf38-eeae-4544-87ed-b5a742bb3fc6,76,2,152,"2024-11-11 01:58:53"
26105,163,tw_c,155721,03f9e434-04bd-417f-a72c-a10ce88756a5,d6d3bf38-eeae-4544-87ed-b5a742bb3fc6,77,1,77,"2024-11-11 01:58:53"
26098,162,tw_b,155701,d6d3bf38-eeae-4544-87ed-b5a742bb3fc6,03f9e434-04bd-417f-a72c-a10ce88756a5,105,2,210,"2024-11-11 01:58:45"
26099,162,tw_b,155701,d6d3bf38-eeae-4544-87ed-b5a742bb3fc6,03f9e434-04bd-417f-a72c-a10ce88756a5,104,0.32,33.28,"2024-11-11 01:58:45"
26100,162,tw_b,155701,d6d3bf38-eeae-4544-87ed-b5a742bb3fc6,03f9e434-04bd-417f-a72c-a10ce88756a5,103,0.28,28.84,"2024-11-11 01:58:45"
26101,162,tw_b,155701,d6d3bf38-eeae-4544-87ed-b5a742bb3fc6,03f9e434-04bd-417f-a72c-a10ce88756a5,102,0.40,40.8,"2024-11-11 01:58:45"
26097,163,tw_c,155693,73a46e67-7504-405c-bee9-4257f2c44ae8,d6d3bf38-eeae-4544-87ed-b5a742bb3fc6,76,2,152,"2024-11-11 01:58:38"
26088,161,tw_a,155647,d6d3bf38-eeae-4544-87ed-b5a742bb3fc6,03f9e434-04bd-417f-a72c-a10ce88756a5,140,1.5,210.0,"2024-11-11 01:58:23"
26087,164,tw_d,155645,d6d3bf38-eeae-4544-87ed-b5a742bb3fc6,03f9e434-04bd-417f-a72c-a10ce88756a5,38,1.5,57.0,"2024-11-11 01:58:23"
26085,164,tw_d,155642,d6d3bf38-eeae-4544-87ed-b5a742bb3fc6,03f9e434-04bd-417f-a72c-a10ce88756a5,38,0.5,19.0,"2024-11-11 01:58:19"
26086,164,tw_d,155642,d6d3bf38-eeae-4544-87ed-b5a742bb3fc6,03f9e434-04bd-417f-a72c-a10ce88756a5,37,1.0,37.0,"2024-11-11 01:58:19"
26084,164,tw_d,155627,d6d3bf38-eeae-4544-87ed-b5a742bb3fc6,03f9e434-04bd-417f-a72c-a10ce88756a5,39,1.5,58.5,"2024-11-11 01:58:16"
26074,161,tw_a,155599,d6d3bf38-eeae-4544-87ed-b5a742bb3fc6,03f9e434-04bd-417f-a72c-a10ce88756a5,140,1.47,205.8,"2024-11-11 01:58:09"
26075,161,tw_a,155599,d6d3bf38-eeae-4544-87ed-b5a742bb3fc6,03f9e434-04bd-417f-a72c-a10ce88756a5,139,1.53,212.67,"2024-11-11 01:58:09"
26057,163,tw_c,155561,d6d3bf38-eeae-4544-87ed-b5a742bb3fc6,03f9e434-04bd-417f-a72c-a10ce88756a5,74,2,148,"2024-11-11 01:57:59"
26058,163,tw_c,155561,d6d3bf38-eeae-4544-87ed-b5a742bb3fc6,03f9e434-04bd-417f-a72c-a10ce88756a5,73,1,73,"2024-11-11 01:57:59"
26050,162,tw_b,155545,73a46e67-7504-405c-bee9-4257f2c44ae8,d6d3bf38-eeae-4544-87ed-b5a742bb3fc6,108,2,216,"2024-11-11 01:57:50"
26049,161,tw_a,155533,03f9e434-04bd-417f-a72c-a10ce88756a5,d6d3bf38-eeae-4544-87ed-b5a742bb3fc6,143,1.5,214.5,"2024-11-11 01:57:48"
26027,162,tw_b,155470,73a46e67-7504-405c-bee9-4257f2c44ae8,d6d3bf38-eeae-4544-87ed-b5a742bb3fc6,107,2,214,"2024-11-11 01:57:27"
26026,164,tw_d,155461,d6d3bf38-eeae-4544-87ed-b5a742bb3fc6,03f9e434-04bd-417f-a72c-a10ce88756a5,38,1.5,57.0,"2024-11-11 01:57:25"
